2670 4838
248 392 301 460 IN
324 392 537 460 VERREM
563 393 669 461 ACT.
697 395 759 478 Il,
780 394 877 462 LIB.
905 394 973 462 ΙΙΙ.
1097 420 1141 491 ²7

80 528 188 609 atque
209 511 300 583 adeo
318 512 429 583 exitio
444 512 693 608 vectigalium,
711 525 824 582 totam
845 511 1074 582 Hieronicam
1095 513 1145 584 le·

79 645 161 718 gem
179 620 368 692 sustulisti.

126 736 173 803 At
186 755 297 829 quam
316 730 434 829 legem
450 731 618 828 corrigit,
631 731 788 826 judices,
803 746 912 829 atque
926 730 1020 803 adeo
1037 746 1147 803 totam

80 840 197 913 tollit?
210 842 414 912 acutissime
430 865 473 911 ac
488 840 759 938 diligentissime
778 839 966 940 scriptam3
981 867 1062 938 quae
1076 867 1149 914 om·

79 950 188 1023 nibus
208 950 402 1023 custodiis²
429 950 634 1047 subjectum
653 966 832 1022 aratorem
853 950 1057 1023 decumano
1075 965 1149 1023 tra·

80 1061 148 1149 dit,
170 1075 212 1131 ut
228 1085 348 1158 neque
366 1063 404 1130 in
425 1060 624 1158 segetibus,
647 1085 768 1158 neque
785 1062 824 1130 in
842 1062 948 1149 areis,
969 1086 1091 1159 neque
1109 1064 1149 1131 iu

80 1170 243 1255 horreis,
269 1194 390 1267 neque
415 1172 453 1239 in
480 1170 706 1257 amovendo,
728 1195 848 1268 neque
869 1176 909 1241 in
931 1169 1150 1269 asportando

80 1279 283 1365 frument0,
293 1302 406 1375 grano
420 1304 496 1350 uno
506 1277 641 1376 possit³
655 1294 776 1351 arator
786 1283 864 1351 sine
876 1283 1030 1351 maxima
1042 1304 1152 1378 poena

80 1386 248 1459 fraudare
272 1387 528 1459 decumanum.
557 1391 696 1487 Scripta
718 1389 776 1460 lex
799 1390 848 1459 ita
867 1388 1059 1486 diligenter
1078 1402 1151 1475 est,

80 1515 119 1571 ut
144 1522 233 1571 eum
259 1499 444 1595 scripsisse
473 1513 663 1596 appareat,
691 1499 754 1595 qui
780 1498 847 1570 alia
869 1498 1055 1595 vectigalia
1074 1523 1150 1569 non

77 1606 271 1696 haberet⁴3
293 1612 342 1679 ita
361 1623 483 1695 acute,
500 1622 540 1678 ut
557 1608 736 1693 Siculum3
751 1610 800 1679 ita
814 1632 955 1697 severe,
974 1623 1016 1679 ut
1031 1623 1152 1705 tyran·

75 1742 191 1806 num3
213 1741 287 1815 qua
304 1714 408 1814 lege⁵
430 1719 557 1790 Siculis
582 1733 703 1790 tamen
724 1742 825 1789 arare
843 1718 1049 1816 expediret:
1067 1742 1152 1789 nam
1200 1759 1204 1769 ·

71 1831 123 1902 ita
150 1829 344 1926 diligenter
365 1832 561 1900 constituta
587 1845 673 1900 sunt
693 1830 777 1924 jura
797 1827 1019 1918 decumam,
1039 1844 1081 1899 ut
1099 1843 1152 1899 ta·

68 1965 165 2013 men
183 1937 230 2010 ab
244 1938 358 2009 invito
370 1952 509 2011 aratore
523 1939 605 2037 plus
620 1939 774 2010 decuma
789 1964 866 2010 nou
881 1940 994 2036 possit
1007 1937 1152 2010 auferri.

120 2054 254 2142 Quum
273 2048 350 2119 haec
372 2064 492 2120 essent
511 2051 558 2120 ita
582 2051 799 2137 constituta,
822 2053 952 2120 Verres
978 2062 1032 2119 tot
1049 2053 1154 2119 annis

59 2178 192 2260 atque
208 2158 300 2230 adeo
320 2157 477 2231 saeculis⁶
497 2161 666 2230 inventus
682 2173 756 2247 est,
777 2163 840 2256 qui
861 2159 938 2230 haec
958 2184 1033 2229 non
1052 2183 1153 2230 com·

58 2283 256 2355 mutaret,
271 2269 332 2340 sed
348 2285 543 2359 everteret3
556 2294 781 2367 eaque,quae
791 2269 930 2365 jamdiu
945 2268 1153 2341 adsalutem

55 2382 286 2465 sociorum,
309 2378 574 2476 utilitatemque
599 2378 804 2476 reipublicae
825 2383 1028 2477 composita
1049 2404 1151 2450 eom·

54 2502 280 2587 parataque
313 2503 452 2573 essent,
484 2487 528 2559 ad
558 2512 644 2559 snos
676 2486 965 2586 improbissimos
992 2505 1152 2586 quaestus

57 2608 338 2671 converteret:
362 2600 427 2693 qui
455 2601 612 2694 primum
638 2612 757 2669 certos
784 2600 979 2671 instituerit
1005 2603 1152 2670 nomine

60 2711 323 2791 decumanos,
335 2731 373 2776 re
385 2730 469 2777 vera
480 2710 666 2779 ministros
678 2732 719 2778 ac
732 2708 900 2779 satellites
914 2706 1153 2805 cupiditatum

65 2841 244 2892 suarum.
264 2820 330 2888 Per
347 2841 441 2913 quos
454 2817 643 2889 ostendam
657 2820 709 2888 sic
723 2820 946 2916 provinciam
960 2842 1026 2916 per
1040 2822 1154 2890 trien·

70 2934 185 3000 nium
198 2940 366 2999 vexatam
378 2941 488 3024 atque
501 2942 673 2998 vastatam
686 2982 696 3016 ,
711 2927 867 3023 judices,
882 2942 924 2998 ut
939 2952 1016 2999 eam
1030 2930 1155 3000 multis

75 3040 187 3111 annis
207 3037 406 3108 multorum
422 3039 631 3111 innocentia
650 3042 898 3138 sapientiaque
917 3064 1078 3110 recreare
1093 3065 1154 3111 ne·

82 3171 271 3246 queamus.

85 3332 137 3378 quc
149 3325 224 3362 enta
234 3312 261 3360 in
273 3313 353 3360 Sicilie
367 3312 542 3371 vendebantur,
551 3315 599 3363 tto·
642 3342 676 3351 —
684 3317 716 3362 Ut
728 3326 866 3376 tyrannum.
880 3317 914 3364 Ut
927 3316 969 3380 qni
983 3332 1036 3364 eam
1048 3317 1153 3381 eeripee·

86 3408 127 3442 na
139 3391 297 3453 vendijussit
310 3403 415 3441 senatus.
642 3394 689 3453 rit,
707 3408 788 3456 regem
800 3406 826 3442 et
843 3410 923 3442 rerum
943 3395 1053 3442 omnium
1071 3395 1152 3444 domi·

10 3502 13 3513 ι
118 3489 144 3521 a.
160 3471 279 3520 Omnibus
287 3471 410 3522 crucodiis.
420 3471 540 3520 Omnibus
548 3488 598 3520 mo·
642 3488 699 3519 nurn
714 3473 787 3520 luisse
799 3484 922 3536 appareat.

86 3553 121 3600 die
140 3563 237 3615 eeptnm
258 3560 282 3597 et
306 3550 456 3597 custoditum
477 3562 596 3599 aratorem
679 3552 703 3601 5.
719 3553 773 3614 Qua
788 3552 848 3616 lege.
869 3554 947 3614 Qum,
969 3552 1080 3614 quemvis
1103 3563 1151 3600 tem

86 3632 184 3693 subiicit
197 3629 342 3678 decumano.
641 3648 722 3678 severe
732 3633 836 3695 scripte,
850 3631 882 3679 ed
891 3631 1029 3679 Siculorum
1038 3632 1154 3680 utilitates

120 3712 144 3757 3.
161 3709 223 3767 Alii,
233 3720 319 3771 posset.
328 3709 353 3754 J.
363 3709 395 3755 V.
407 3710 436 3754 L.
640 3711 785 3773 pertinebat.

120 3799 145 3846 4.
165 3787 343 3835 Neelaberet.
357 3789 442 3850 quue
461 3787 597 3835 accuratius
676 3790 699 3837 6.
718 3790 822 3838 Soeculis.
846 3792 915 3837 Unne
929 3802 986 3854 poet
1008 3800 1044 3837 tot
1063 3789 1152 3836 eaernle

83 3869 115 3914 tle
127 3867 159 3914 iie
168 3867 301 3913 retinendis
310 3878 334 3914 et
347 3864 522 3928 amplificandis
531 3868 596 3929 cogi·
640 3870 728 3916 Verres
740 3870 852 3917 inventus
865 3880 914 3925 est,
923 3869 981 3931 qui,
994 3879 1040 3915 etc.
1062 3871 1150 3916 Orato-

83 3945 351 3995 rem—Uesuuium.
359 3947 377 3993 l.
386 3956 511 3993 secutum
520 3956 543 3992 et
551 3960 596 3992 ne·
642 3949 677 3995 rie
693 3962 699 3995 :
713 3965 767 3995 narn
781 3949 812 3996 eb
822 3950 935 3996 Hieronis
944 3959 1038 4007 morte,
1049 3947 1072 3994 Ιι.
1087 3963 1110 3993 e.
1120 3947 1151 3994 ab

82 4036 342 4074 tuneoetrovereum.
355 4025 416 4073 Nem
425 4036 521 4088 gentem
532 4026 598 4072 Sicu·
642 4043 706 4073 anno
723 4028 753 4074 U.
767 4028 794 4075 C.
813 4029 861 4073 558
874 4027 906 4073 ad
923 4027 1005 4074 Verris
1023 4035 1152 4089 praeturam

81 4107 131 4153 lan
144 4105 197 4168 lpse
209 4104 244 4151 sic
257 4102 373 4151 describit
387 4105 412 4151 in
423 4107 508 4165 Bruto,
518 4123 541 4154 c.
557 4119 597 4154 12.
642 4107 699 4152 anni
713 4117 769 4154 eunt
783 4116 874 4153 tautum
892 4113 948 4161 rua.
