2654 5220
422 424 821 493 ARGUMENTUM.
1127 424 1147 494 5

129 546 299 605 Pharorinus
317 544 348 600 in
362 547 524 602 Comment-
537 549 589 603 Gr.
602 544 715 622 linguae,
726 544 902 602 medimnum
912 546 1031 603 atticum
1043 544 1149 604 diserta·

126 656 228 719 septem
244 640 412 698 modiorum
429 640 513 710 lacit3
530 641 574 697 uti
585 652 615 698 et
631 644 729 717 Nepos
745 641 774 697 in
786 641 875 698 Attici
886 641 961 713 vita,
974 659 1037 718 cap.
1052 661 1087 711 a,
1104 641 1150 698 liis

125 737 214 796 verbis
222 765 235 789 a
245 737 396 801 universos
407 736 554 794 frumento
564 735 811 808 donavitAtticus,
818 738 859 795 ita
870 751 902 795 ut
913 737 1032 814 singulis
1038 751 1148 816 septem

124 833 208 893 modii
223 832 308 912 [nam
320 832 362 891 sic
376 831 485 890 babent
495 853 532 890 ex
543 833 745 911 manuscriptis
757 835 874 911 optimae
888 832 1046 912 editiones]
1061 834 1148 892 tritici

123 929 271 1000 darentur,
282 930 335 1006 qui
354 928 618 987 modus-mensure
637 928 800 987 medimnus
816 930 937 988 Athenis
955 929 1148 1008 appellatur».

122 1027 209 1098 Quini
222 1025 315 1083 modii
332 1025 432 1094 siculi,
447 1025 625 1084 medimnum
638 1025 777 1096 siculum;
800 1026 913 1084 romani
931 1027 1008 1096 seni,
1027 1026 1149 1085 medim-

121 1143 189 1184 num
201 1140 357 1181 romanum
368 1119 577 1192 conficiebant,
593 1134 664 1179 teste
681 1122 811 1179 Perizon.
825 1120 862 1179 ad
876 1121 977 1180 AElian.
988 1125 1058 1186 Var.
1071 1125 1145 1182 trist.

123 1223 176 1286 vt,
193 1239 244 1290 sa,
268 1219 298 1276 in
313 1237 372 1294 quo
388 1218 531 1275 consentit
544 1237 610 1275 cum
622 1219 705 1275 Vinc.
717 1219 882 1282 Contende
905 1219 1039 1276 imment.
1055 1220 1147 1298 largit.

122 1335 182 1393 cap.
201 1336 248 1372 10.
262 1320 364 1390 ltaque
382 1313 498 1372 modius
512 1313 620 1395 siculus
635 1328 716 1372 sexta
726 1315 772 1372 sui
784 1327 866 1392 parte
880 1315 1015 1393 capacior
1027 1328 1090 1373 erat
1100 1337 1149 1372 ro-

123 1431 216 1477 mano.
228 1415 317 1476 Hunc
328 1410 457 1481 Tullius,
471 1429 531 1468 non
542 1411 624 1468 illum
637 1411 771 1488 intelligit
786 1410 836 1469 lib.
848 1417 892 1471 111
908 1413 938 1469 in
944 1419 1028 1472 Verr.
1036 1433 1101 1491 cap.
1111 1422 1148 1482 lt

124 1529 163 1586 sq.
179 1523 209 1567 et
224 1508 341 1585 quoties
353 1527 404 1565 sex
419 1507 460 1564 ait
474 1506 589 1565 modios
601 1507 631 1564 in
645 1506 792 1565 medimno
807 1509 957 1567 contineri.

160 1604 294 1676 Medius,
306 1624 358 1663 seu
365 1602 493 1663 modium
505 1603 535 1660 in
543 1616 657 1671 neutro,
668 1623 734 1661 nam
743 1618 898 1682 utrumque
907 1606 993 1664 etiam
1007 1607 1151 1684 reperitur

127 1701 198 1777 apud
212 1702 385 1762 Ciceronem
394 1713 426 1756 et
438 1698 528 1767 alios,
541 1717 661 1756 romana
679 1712 743 1758 erat
759 1718 894 1759 mensura
910 1714 972 1758 tum
987 1701 1150 1768 aridorum,

129 1811 184 1856 tum
205 1797 402 1875 liquidorum,
426 1807 539 1873 partem
557 1795 706 1872 amphorae
727 1796 838 1855 tertiam
857 1799 1017 1856 continens.
1040 1803 1075 1856 In
1095 1800 1151 1856 boc

128 1895 210 1958 etiarn
228 1893 323 1956 verbo
343 1897 415 1955 mire
434 1907 585 1968 argutatur
604 1893 745 1966 Isidorus,
763 1894 846 1972 Orig.
861 1899 942 1967 xlv,
960 1895 1006 1952 25.
1028 1895 1150 1953 Modum

130 1989 213 2048 modii
230 2009 292 2048 non
304 2011 397 2049 unum
407 1990 515 2068 ubique
529 1992 616 2049 luisse
630 1990 720 2047 modo
734 1989 1004 2051 demonstravimus·
1018 1990 1150 2049 Medium

130 2108 276 2148 romanum
289 2109 350 2146 non
365 2089 511 2167 disparem
522 2089 591 2146 facit
604 2088 736 2159 Budaeus,
747 2089 774 2145 ei
786 2108 928 2146 mensuras
939 2108 1025 2165 quam
1035 2103 1152 2147 nostra-

130 2197 180 2256 tes,
199 2185 340 2262 inquit,i
352 2206 377 2243 e.
392 2185 578 2256 Parisienses,
593 2198 716 2255 vocant,
732 2204 770 2240 cn
788 2183 927 2242 boisseam
948 2184 1006 2242 Sed
1018 2185 1152 2244 huicde-

130 2281 244 2340 ctissimi
263 2281 319 2339 siri
336 2283 483 2341 sententies
498 2295 640 2359 repugnat
654 2281 718 2358 ipsa
739 2280 853 2338 veritae.
877 2286 950 2340 Nam
970 2280 1084 2340 modius
1103 2302 1153 2340 ro-

133 2396 236 2450 uanus,
248 2391 324 2436 ¹teste
335 2378 440 2449 Plinio,
450 2398 527 2436 nunc
538 2378 665 2445 vicenas,
678 2397 756 2435 nunc
770 2377 884 2436 vicenas
897 2378 1010 2455 quinas,
1020 2391 1049 2435 et
1061 2399 1155 2450 senus,

133 2473 214 2533 l‘dtras
230 2474 350 2553 pendit,
367 2496 423 2553 pro
436 2475 523 2534 tritici
536 2491 657 2534 natura:
675 2476 714 2533 ita
729 2488 761 2532 ut
774 2488 852 2532 recte
865 2486 991 2532 statuere
1004 2474 1156 2535 videamur

133 2582 223 2629 ternas
238 2583 270 2627 et
284 2571 399 2630 vicenas
413 2571 502 2630 libras
512 2572 542 2629 in
554 2570 685 2630 modium
695 2571 788 2629 larris.
800 2568 858 2630 Sed
868 2568 949 2628 librae
962 2571 1018 2629 itte
1030 2590 1155 2629 romane

132 2684 210 2740 sunt,
224 2671 377 2729 unciarum
391 2669 563 2742 duodecim
581 2690 704 2748 quarum
718 2671 837 2748 singulae
850 2688 927 2728 nona
938 2671 983 2727 sui
993 2684 1076 2748 parte
1089 2684 1156 2728 sunt

135 2768 219 2825 stuciis
231 2768 410 2827 nostratibus
421 2768 544 2828 leviores
557 2789 564 2824 ε
581 2780 669 2844 atque
680 2767 736 2825 illae
748 2765 903 2824 duodecim
918 2766 1095 2844 respondent
1104 2770 1154 2824 uni

136 2877 158 2920 rt
176 2865 279 2943 viginti
294 2866 448 2923 semunciis
465 2863 653 2923 nostratibus.
671 2870 773 2942 Itaque
788 2876 876 2921 terna
897 2875 926 2921 et
946 2864 1055 2921 vicenae
1073 2863 1155 2923 librae

136 2979 271 3033 romanae,
287 2982 359 3038 quas
373 2961 472 3021 modio
491 2980 610 3019 romano
625 2960 846 3039 assignavimus,
868 2960 1025 3017 conficiunt
1038 2980 1156 3019 semun-

135 3058 415 3129 sissnostratestssd,
427 3079 478 3116 seu
489 3057 578 3116 libras
585 3057 756 3135 parisienses
764 3054 945 3133 quindecim,
957 3069 986 3114 et
997 3059 1157 3117 semuncias

138 3167 198 3219 tres.
215 3154 333 3214 Modius
348 3156 515 3234 parisiensis
529 3154 630 3233 pendit
644 3154 731 3212 tritici
748 3152 836 3211 libras
855 3154 1027 3231 parisienses
1046 3156 1156 3233 viginti.

137 3254 223 3330 Igitur
240 3266 345 3331 quarta
362 3266 445 3330 parte
457 3253 517 3310 sere
531 3251 666 3329 capacior
678 3262 722 3308 est
731 3269 853 3308 romano
867 3249 967 3308 modio
981 3251 1155 3328 parisiensis.

138 3349 185 3406 Vir
208 3348 422 3408 eruditissimus
449 3347 579 3405 modium
597 3346 739 3417 siculum,
763 3346 815 3422 qui
838 3345 938 3403 modio
958 3366 1079 3405 romano
1096 3362 1160 3409 erat

138 3447 278 3523 capacior,
294 3460 327 3504 ut
342 3445 485 3515 diximus,
500 3463 567 3501 cum
584 3455 713 3501 nostrate
731 3437 925 3520 comparasset
944 3444 1048 3522 aptius.
1061 3451 1158 3518 Quum

138 3541 209 3599 enim
224 3541 307 3619 quini
326 3539 416 3598 modii
430 3540 513 3598 siculi
531 3557 614 3597 senos
630 3557 765 3596 romanos
781 3538 949 3611 redderent,
973 3541 1088 3599 modius
1112 3542 1161 3601 ille

139 3637 261 3712 pendere
283 3635 411 3694 debebat
432 3634 522 3693 libras
543 3647 684 3693 nostrates
702 3633 791 3692 denas
806 3647 836 3691 et
857 3647 993 3708 octonas,
1021 3652 1161 3714 praeterea

140 3735 233 3792 uncias
256 3735 317 3792 lere
339 3747 414 3804 tres;
438 3742 525 3810 atque
546 3732 583 3789 ad
604 3731 767 3810 parisiensis
787 3730 877 3802 modii
894 3732 1009 3810 pondus
1029 3736 1161 3812 proxime

141 3830 299 3889 accedebat.

175 3930 294 3999 Quaercs
309 3939 448 4004 quantum
460 3924 595 3983 frumenti
609 3944 646 3982 ex
658 3924 755 3984 Sicilia
765 3928 887 3983 Romam
903 3927 1057 4002 quotannis
1074 3927 1103 3984 in
1118 3929 1162 3985 ci·

141 4019 216 4081 baria
225 4022 330 4102 populi
342 4023 455 4079 romani
463 4003 716 4097 transportaretur.
727 4021 844 4099 Duplici
858 4022 975 4079 nomine
987 4023 1162 4082 frumentum

143 4119 284 4196 pendebat
306 4117 406 4179 Sicilia
423 4116 537 4195 reipub.
552 4121 750 4178 mcumanum
765 4118 939 4198 gratuitum,
960 4138 1012 4177 seu
1027 4119 1163 4200 vectigal3
