2654 5220
147 763 190 833 16
461 758 509 829 M.
535 761 574 831 T.
601 762 884 835 CICERONIS

140 885 291 955 utilitate
312 880 506 952 communi.
525 884 616 950 Nam
635 884 699 977 qui
714 880 782 951 sibi
796 880 868 952 hoc
882 886 1056 982 sumpsit,
1072 902 1115 959 ut
1127 912 1208 965 cor.

141 994 231 1091 rigat
257 1012 377 1061 mores
401 988 576 1076 aliorum,
601 1013 643 1059 ac
668 1005 816 1087 peccota
838 990 1103 1090 reprehendat,
1125 1005 1196 1097 quir

140 1103 225 1172 hnic
237 1102 418 1199 ignoscat,
437 1100 466 1169 si
484 1124 558 1195 qua
576 1122 616 1169 re
635 1102 711 1197 ipse
732 1098 779 1171 ab
795 1101 996 1199 religione⁵
1014 1102 1125 1179 officii
1140 1108 1188 1181 de·

140 1210 308 1284 clinorit?
333 1212 565 1307 Quapropter
585 1209 657 1281 hoc
680 1213 788 1281 etiam
818 1215 931 1311 magis
959 1212 1007 1285 ab
1037 1216 1183 1291 omnibus

140 1318 320 1417 ejusmodi
339 1322 424 1391 civis
446 1317 647 1390 laudandus
667 1344 708 1391 ac
728 1320 932 1419 diligendus
950 1340 1025 1411 est,
1042 1328 1107 1424 qui
1128 1350 1180 1399 nou

140 1433 257 1503 solum
279 1429 325 1501 ab
344 1426 555 1528 republica⁶
577 1430 692 1499 civem
709 1428 918 1533 improbum
939 1451 1121 1525 removet,
1136 1460 1180 1507 re·

138 1566 221 1612 rum
238 1542 345 1613 etiam
365 1539 538 1636 seipsum
556 1540 734 1634 ejusmodi
751 1540 831 1613 fore
847 1540 1044 1640 profitetur
1058 1570 1099 1617 ac
1111 1570 1179 1645 prr·

139 1665 226 1739 stat,
247 1664 289 1721 ut
307 1648 375 1720 sibi
397 1673 473 1719 non
495 1648 605 1719 modo
626 1655 812 1721 communi
831 1650 1044 1725 uoluntate⁷
1064 1656 1178 1725 virtutis

140 1775 249 1859 atque
271 1758 403 1845 officii,
426 1757 489 1828 sed
510 1758 616 1828 etiam
639 1772 681 1829 ut
699 1759 855 1856 quadani
876 1761 991 1857 magis
1008 1765 1178 1859 necessario

138 1862 306 1941 ratione⁸
326 1882 424 1938 recte
446 1867 491 1937 sit
506 1865 735 1965 honesteque
753 1867 959 1940 vivendum.
977 1873 1102 1969 ltaque
1115 1870 1177 1951 hoc,

134 1981 292 2075 jndices,
316 2003 361 2049 ex
378 1977 527 2048 homine
546 1976 741 2049 clarissimo
759 1992 869 2075 atque
887 1976 1175 2077 eloquentissimo,

137 2096 176 2161 L.
200 2096 327 2163 Crasso
338 2101 366 2174 9,
395 2112 489 2185 saepe
517 2087 680 2158 auditum
703 2102 773 2177 est,
795 2113 911 2186 quum
934 2114 973 2161 se
995 2090 1123 2163 nullius
1137 2088 1174 2161 rei

137 2215 210 2270 tam
228 2199 405 2296 poenitere
423 2196 577 2286 diceret,
593 2221 702 2294 quam
721 2196 821 2295 quod
843 2200 884 2269 C.
904 2198 1174 2273 Carbonemum·

135 2335 245 2409 quam
272 2310 311 2377 in
337 2306 513 2401 judicium
543 2308 771 2378 vocavisset:
799 2310 920 2381 minus
950 2310 1050 2381 enim
1073 2308 1171 2383 libem

135 2424 301 2491 omniurn
328 2443 449 2488 rerum
476 2416 681 2488 voluntates
709 2416 882 2507 habebat,
910 2434 947 2491 et
970 2422 1079 2491 vitam
1096 2440 1170 2491 suut
1207 2448 1210 2509 ς

135 2529 319 2629 pluribus,
340 2552 449 2625 qnam
465 2527 592 2611 vellet,
611 2527 795 2600 observari
813 2530 927 2602 oculis
946 2530 1168 2603 arbitrabatrn.

135 2648 253 2737 Atque
266 2638 326 2708 ille
341 2636 396 2707 his
410 2636 582 2733 praesidiis
595 2640 729 2735 ingenii
742 2638 1010 2737 fortunaeque¹⁰
1023 2642 1168 2731 monitu,

132 2766 255 2820 tamen
285 2747 352 2818 hac
381 2772 466 2817 cura
495 2748 762 2836 continebatur,
785 2775 895 2847 quam
921 2750 1013 2840 sibi,
1035 2750 1167 2823 nondum

134 2857 347 2931 confirmato
376 2857 546 2946 consilio,
574 2858 637 2929 sed
663 2861 812 2931 ineunte
834 2875 958 2950 mate,
984 2872 1165 2961 susceptat

131 2973 215 3060 Quo
232 2968 352 3038 minus
370 2971 476 3037 etiam
497 2971 713 3066 perspicitur
726 2980 755 3013 ¹¹
777 2994 904 3041 eorum
923 2974 1040 3045 virtus
1056 2986 1090 3044 et
1103 2972 1166 3041 into·

167 3152 191 3197 5.
208 3146 345 3212 Religione.
359 3143 476 3193 officium
498 3147 566 3209 quod
584 3147 640 3195 reli·
685 3160 709 3197 et
721 3149 830 3197 Asi-iorni
841 3147 908 3197 norit
921 3152 1004 3199 toeiu
1017 3152 1166 3209 fnium*
1199 3128 1206 3137 Ι

132 3232 199 3293 piore
212 3226 343 3277 colendum
357 3235 406 3286 eit,
417 3226 553 3273 violaverit.
568 3229 642 3275 Gora·
685 3229 756 3277 urit.
776 3230 809 3277 Et
824 3227 867 3277 ille
880 3244 906 3277 re
919 3228 1056 3291 tiodiem
1066 3226 1165 3281 Μ

133 3323 183 3357 ton.
196 3306 227 3355 ud
246 3305 377 3369 Philippic.
388 3307 428 3361 11,
443 3312 487 3363 to,
501 3307 571 3366 conj.
586 3328 598 3347 u
607 3322 642 3353 re·
686 3316 765 3355 morto
778 3306 915 3355 rolonurin
929 3306 1072 3359 vindimit.
1084 3302 1164 3357 (ΗΜ-

133 3390 205 3451 gione
213 3408 234 3434 u.
242 3384 317 3432 Mate.
686 3396 738 3433 tum
752 3386 799 3435 tuit
819 3386 854 3433 rei
866 3385 987 3437 Curbonio
1006 3386 1055 3437 bor
1068 3384 1164 3453 pss!

165 3468 190 3513 6.
202 3465 242 3512 stc
252 3462 324 3511 codd.
335 3462 641 3527 Poririeno·01im,m‘pu·
682 3465 804 3527 judicium
814 3480 903 3530 mugno
919 3466 1010 3531 populi
1027 3466 1165 3521 m!

131 3546 207 3593 blica.
221 3546 316 3592 Erneet.
326 3557 378 3588 non
389 3540 464 3588 hebet
477 3562 490 3583 α
500 3541 531 3589 ab
539 3563 560 3590 ι.
685 3544 795 3591 meminit
809 3544 896 3593 Cicero
909 3544 1022 3609 plurimir
1038 3544 1065 3593 in
1076 3544 1166 3593 loe'u·

166 3642 189 3683 7.
214 3620 340 3671 Communi
356 3622 494 3668 voluntate.
508 3622 545 3667 Eo
558 3621 640 3668 studio
685 3622 819 3671 cuntionis
843 3621 937 3684 hujus,
963 3624 991 3673 in
1016 3640 1063 3689 qu
1085 3623 1164 3689 pt-

127 3704 224 3751 virrutio
236 3713 309 3764 atquo
321 3698 411 3759 officii,
432 3698 499 3763 quod
512 3716 641 3747 commune
684 3702 713 3750 L.
732 3702 832 3751 Cmm
845 3700 996 3765 eloquentia
1014 3716 1108 3751 nm
1119 3694 1165 3747 Β

128 3781 241 3831 omnibu·
254 3791 299 3828 ert.
684 3780 1021 3844 experimentumcttnue.
1033 3776 1165 3831 hinnu

162 3865 188 3911 8.
203 3859 284 3925 Magis
296 3858 434 3906 necessaria
447 3858 554 3906 ratione.
574 3860 637 3919 Quia
682 3871 720 3907 rur
741 3869 822 3906 eutem
841 3868 928 3907 auctor
949 3858 1047 3925 Dinlog.
1069 3858 1099 3907 dr
1114 3852 1165 3907 011-

126 3942 172 3989 ,obi
193 3940 257 3988 hanc
277 3938 395 3985 virtutum
420 3937 497 4001 legem
517 3939 637 4001 imponit,
682 3936 1166 4001 eap.3⁴,quinonodeeimuom

125 4038 180 4084 quae
194 4018 259 4065 vitiir
272 4019 298 4063 in
311 4033 353 4064 reo
369 4016 488 4064 accuratio
506 4028 564 4064 runt
578 4032 637 4063 con·
682 4018 709 4065 L.
719 4018 830 4067 Granum
842 4032 938 4065 oenum
951 4016 1016 4067 hano
1029 4034 1103 4083 εμ
1112 4012 1167 4071 &u

127 4099 215 4147 traria.
681 4106 706 4143 et
724 4096 803 4144 molto
824 4096 900 4161 mgis
913 4098 970 4147 Vei.
983 4098 1113 4157 Μώυ,
1124 4092 1168 4159 μ’.

162 4196 186 4243 9.
201 4180 228 4225 L.
249 4178 342 4227 Crasso.
355 4181 469 4226 Summus
481 4177 522 4225 hie
536 4190 634 4236 orator,
680 4177 728 4234 111,
755 4191 780 4236 7,
802 4176 838 4235 6,
859 4174 946 4223 scribit
967 4177 1000 4227 C.
1021 4178 1168 4229 Girba!

125 4275 201 4308 annor
214 4267 284 4303 netur
297 4268 373 4304 unum
385 4269 409 4304 et
420 4257 521 4320 viginti,
534 4256 636 4305 reditio-
679 4255 706 4304 L
729 4255 817 4303 enm
838 4254 981 4303 damnatum
1000 4256 1067 4307 etin
1082 4254 1171 4307 uf·
1208 4294 1210 4318 ;

126 4341 243 4386 sinimum
260 4352 289 4383 uo
311 4336 534 4399 eloquentissimum
555 4335 634 4383 homi·
680 4334 780 4381 mierum
794 4332 876 4382 fuito.
1208 4322 1210 4343 '

127 4434 179 4463 nnn
200 4417 228 4464 C.
249 4414 397 4465 Carbonem.
419 4416 490 4463 initio
510 4416 566 4462 anni
582 4414 634 4471 634
718 4429 756 4461 ro.
770 4414 891 4461 Fortiana.
904 4410 1059 4466 Nobilium

125 4496 264 4558 niuji-statii,
274 4494 341 4557 quod
353 4494 500 4541 Gracchana·
508 4495 633 4542 seditioni·
718 4509 757 4541 rr.
768 4492 831 4541 cod.
843 4491 940 4542 Metell.
951 4494 1103 4561 pem‘pinrr
1117 4488 1174 4543 nst
