2654 5220
129 829 173 899 aa
372 840 375 847 ¹
457 831 876 900 nucicunouts
978 782 982 801 ⁸

126 952 245 1023 nullos
264 953 405 1048 Septitii
426 951 578 1035 similes,
601 976 676 1021 non
700 967 863 1037 coercet3
887 953 948 1048 qui
977 953 1024 1021 ita
1048 950 1187 1021 dicunt:

125 1065 208 1133 Non
229 1062 352 1132 tollam
371 1064 531 1157 potiusr,
549 1064 850 1160 quam'paciscar.
870 1062 931 1131 His
952 1061 1021 1133 hoc
1042 1065 1190 1160 opponi·

127 1169 210 1243 tur8
224 1201 231 1240 :
252 1176 491 1269 Deportaturn
512 1169 643 1241 habeas
653 1186 736 1241 ante
749 1171 890 1240 kalend.
904 1177 1189 1269 sext-Depor·

128 1284 214 1355 tabo
241 1285 498 1379 igitur.-Nisi
527 1297 653 1380 pactus
673 1283 761 1369 eris,
784 1306 860 1351 non
885 1281 1192 1353 commovebis»—

128 1399 185 1465 Sic
201 1391 418 1490 deportandi
432 1392 508 1464 dies
523 1395 721 1489 praestituta
736 1391 862 1462 tollere
879 1390 1031 1486 cogebat
1043 1416 1087 1460 ex
1099 1416 1194 1478 area;

126 1501 328 1602 prohibitio
344 1501 514 1589 tollendi,
531 1504 598 1571 nisi
618 1515 745 1599 pactus
762 1515 872 1587 esset,
891 1505 986 1570 vim⁹
1003 1500 1194 1573 adhibebat

128 1613 308 1710 pactioni,
330 1638 406 1682 non
425 1612 660 1682 voluntatem.

176 1726 252 1791 XV.
276 1726 353 1792 Jam
376 1745 462 1792 vero
480 1719 568 1792 illud
593 1745 667 1791 non
689 1721 805 1791 solum
831 1736 957 1791 contra
978 1720 1097 1818 legem
1118 1722 1194 1791 Hie·

128 1834 312 1920 tonicam,
332 1857 400 1902 nec
423 1831 540 1903 solum
565 1845 690 1901 contra
715 1830 1017 1902 consuetudinem
1036 1833 1203 1930 superio-

130 1966 211 2010 rnm
225 1953 251 2028 ¹,
273 1940 336 2012 sed
361 1942 469 2012 etiam
495 1952 620 2011 contra
639 1944 762 2011 omnia
778 1941 859 2038 jura
878 1940 1103 2027 Siculorum,
1120 1966 1216 2039 qua·

129 2046 309 2122 habenta
331 2064 458 2122 senatu
481 2051 695 2150 populoque
717 2076 887 2138 romano,
907 2077 954 2123 ne
977 2064 1078 2124 extra
1094 2077 1216 2127 suuuu

130 2162 251 2232 l'orum
260 2174 275 2204 ²
288 2161 537 2232 vadimonium
548 2164 762 2259 promittere
773 2177 960 2259 cogantur.
974 2165 1107 2234 Statuit
1116 2164 1179 2233 iste
1195 2218 1220 2246 ‚

132 2288 172 2343 nt
190 2286 308 2342 arator
327 2270 547 2358 decumano,
563 2296 638 2368 quo
658 2272 765 2343 vellet
781 2272 1023 2362 decumanus,
1044 2273 1220 2345 vadimo-

133 2386 235 2454 nium
255 2383 485 2481 promitteret
504 2410 511 2451 :
533 2396 573 2452 ut
593 2382 653 2452 bic
670 2407 820 2479 quoque
834 2386 1016 2481 Apronio,
1031 2386 1145 2481 quuin
1158 2408 1215 2456 ex

134 2489 338 2566 Leontino³
368 2518 484 2589 usque
515 2491 715 2589 Lilybaeum
740 2492 896 2589 aliquem
926 2493 1133 2581 induretur,
1156 2515 1216 2562 ex

132 2607 271 2675 miseris
299 2602 502 2675 aratoribus
529 2603 773 2674 calumniandi
801 2618 958 2699 quaestus
980 2603 1213 2675 accederet&

133 2711 387 2811 Quamquam⁵
404 2714 463 2784 illa
479 2712 547 2785 luit
562 2715 607 2785 ad
627 2713 844 2785 calumniam
861 2715 1031 2809 singulari
1051 2714 1215 2785 consilio

170 2977 193 3019 7.
207 2959 263 3006 Non
273 2958 359 3006 tollam
367 2959 457 3021 potius.
471 2958 539 3006 Malo
549 2959 645 3007 illudio
688 2957 818 3017 judicium,
827 2957 1007 3020 promitterent.
1020 2959 1056 3006 De
1064 2954 1212 3006 vadimonio

133 3055 188 3087 area
201 3037 352 3100 relinquere,
370 3053 442 3102 quam
463 3037 545 3101 lnique
561 3040 645 3087 transi·
691 3037 776 3084 confer
785 3038 887 3084 Excute.
904 3034 936 3083 ad
950 3036 1012 3084 calc.
1026 3038 1098 3100 prim.
1109 3038 1209 3085 volum·

134 3134 197 3180 gere.
691 3114 723 3164 de
734 3114 835 3179 judiciis
844 3115 952 3178 privatis.

171 3200 195 3245 8.
208 3200 266 3245 Haec
284 3206 320 3244 est
331 3213 387 3243 vera
398 3197 485 3252 lectio,
499 3213 571 3258 quam
582 3199 646 3245 Gru·
727 3195 751 3242 3.
767 3194 890 3241 Leontino.
907 3197 985 3256 Agro.
1007 3193 1047 3241 sic
1068 3194 1125 3243 edd.
1140 3200 1203 3241 vett.

135 3285 179 3325 ter.
194 3277 250 3324 dare
263 3275 357 3332 voluit3
372 3277 414 3325 sed
427 3291 509 3341 operae
522 3276 646 3338 vulgatam
691 3274 831 3337 Sequuntur
845 3283 926 3320 tamen
940 3273 1038 3320 Gruter.
1052 3274 1135 3324 Lamb.
1149 3266 1204 3320 [zl-

135 3355 267 3419 apponitur
283 3371 420 3415 servavere,
438 3371 483 3403 nec
496 3354 522 3402 id
536 3356 646 3403 Gronov.
691 3353 1202 3415 tem.ttss11011nuttoe‚wril›endo,ateor

136 3434 256 3492 correxit,
269 3449 313 3480 uec
327 3435 418 3481 Olivet.
432 3450 476 3480 nec
487 3433 584 3481 lallern.
596 3435 647 3480 lla-
691 3432 754 3479 einis.
764 3436 788 3481 J.
801 3437 833 3478 V.
850 3437 876 3480 L.

136 3514 195 3560 beot
202 3524 281 3561 tamen
288 3512 550 3576 opponitrrrbouiMSS
559 3525 583 3560 et
591 3513 647 3560 edd.
729 3518 753 3565 t.
766 3511 908 3559 Accedent.
922 3513 957 3558 Ut
967 3511 1012 3559 hac
1026 3528 1125 3576 quoque
1135 3514 1158 3560 iu
1174 3520 1197 3554 rt

136 3595 235 3641 Munut.
246 3594 327 3640 Grtev.
340 3602 387 3640 etc.
398 3595 423 3641 J.
440 3594 472 3638 V.
486 3595 513 3640 L.
693 3589 856 3637 calumniandi
870 3601 1004 3654 questum,
1021 3595 1039 3641 i.
1055 3609 1078 3642 e.
1096 3592 1158 3640 mulo
1175 3595 1193 3633 tl

173 3689 197 3735 9.
213 3672 269 3719 Vim
283 3669 424 3719 adhibebat.
439 3673 567 3719 Aratorem
579 3688 648 3735 coge·
692 3667 788 3732 perfido
797 3680 949 3718 contractum
956 3672 1062 3721 coneilio
1069 3671 1191 3720 luerumtx

137 3753 180 3799 bat
192 3750 296 3798 inritum
311 3749 422 3799 decidere
432 3763 457 3798 et
468 3752 551 3815 inique
562 3751 648 3799 transi-⁸
692 3749 786 3797 miseris
803 3752 939 3799 aratoribus
958 3752 1087 3817 Aprouim
1104 3751 1191 3814 colliga·

139 3848 203 3894 gere.
694 3840 827 3893 ret‚quum
835 3847 927 3892 v.g.ex
934 3832 1055 3881 Leontino
1064 3843 1192 3897 agroueqtt

172 3912 230 3958 XV.
247 3925 270 3957 r.
284 3910 446 3975 Srperiorum.
461 3914 593 3959 Praetorum
605 3911 649 3974 qui
693 3907 840 3972 Lilybaeum,
853 3909 878 3958 h.
893 3926 914 3957 e.
928 3926 959 3957 ex
968 3909 1054 3958 ultima
1066 3921 1136 3976 perte
1143 3910 1191 3961 filul-

137 4001 193 4037 ante
206 3990 306 4036 Verrem
321 3991 426 4039 luerunt.
440 4019 449 4029 -
692 3986 733 4034 lite
745 3987 776 4034 ad
789 3989 928 4052 oppositam
939 4000 1032 4054 partem
1045 3990 1152 4054 aliquem
1163 4004 1194 4038 tt·

173 4086 197 4116 2.
205 4070 303 4117 Forum.
312 4069 379 4117 Illud
387 4080 423 4117 eat
431 4068 501 4133 quod
514 4068 571 4118 teti
580 4069 648 4117 terri·
694 4066 805 4125 deretur,
813 4085 833 4114 t.
845 4078 943 4131 cogeret
958 4084 984 4115 ae
1000 4069 1131 4130 injudicio
1141 4071 1197 4118 aitte·
1210 4120 1219 4127 ..

139 4149 228 4197 torium
241 4158 332 4196 vocant
344 4145 415 4212 (gall.
424 4147 593 4213 jurisdictiou,
604 4163 649 4195 res·
694 4161 727 4193 re.
746 4146 809 4194 Nam
828 4159 934 4195 aratores
956 4149 1043 4210 quavis
1065 4148 1199 4199 conditione

138 4226 214 4291 sort).
230 4226 324 4291 Nempe
339 4228 413 4274 morlo
432 4239 484 4275 erat
495 4237 523 4275 ut
534 4228 560 4274 iu
577 4229 648 4274 certis
693 4228 919 4290 transigere,qunm
936 4229 1137 4278 tautumitIuetie
1146 4244 1201 4279 eute-

136 4309 270 4372 proviuciae
288 4322 338 4355 suae
358 4307 473 4371 oppidis,
496 4306 648 4370 maglatratm
693 4304 733 4351 tiri
755 4305 885 4354 malebant.
908 4310 1010 4355 Hotom.
1029 4307 1090 4373 legit
1103 4308 1204 4360 «alm

138 4404 200 4434 rom.
215 4397 360 4434 conventum
373 4385 492 4433 habereut
504 4384 547 4432 ubi
556 4387 596 4446 jue
610 4385 646 4432 di-
691 4385 820 4448 mandis»,
834 4386 902 4448 quod
920 4387 1059 4450 planiorem
1077 4389 1140 4438 lacit
1154 4406 1205 4438 eeu·

139 4478 232 4525 carent,
246 4476 270 4513 et
283 4466 308 4512 ln
322 4464 403 4529 quod,
416 4465 459 4528 qni
480 4464 554 4510 vicini
566 4477 646 4521 eraut,
692 4482 753 4513 aum.
769 4466 871 4528 Recepit
892 4468 975 4516 Lumb.
995 4468 1086 4517 Probat
1101 4471 1208 4534 Deejartl.

140 4545 302 4604 vadimonia,i.
310 4563 330 4594 e.
338 4562 363 4591 ee
372 4555 440 4591 certo
451 4544 489 4591 die
498 4545 645 4590 vcntnrosin
732 4547 755 4592 5.
781 4547 945 4608 Qrtamqream.
966 4549 1035 4610 Opus
1056 4564 1111 4597 uon
1130 4551 1209 4600 lulut
