2670 4838
463 382 729 451 SYNOPSlS.
1085 384 1127 454 13

104 501 237 581 improbe
252 503 376 574 sactum,
389 517 420 560 et
432 486 609 581 quicumque
618 496 740 573 iecerit,
763 519 829 557 eum
848 500 994 579 supplicio
1008 502 1127 582 dignum
1145 530 1148 541 ·

102 618 178 670 csse,
203 606 257 676 94,
270 597 318 674 95.
334 598 424 658 Simul
441 598 549 657 refutat
564 597 765 668 Hortensium,
777 597 828 676 qui
839 597 949 656 etiamsi
961 600 1057 677 palam
1070 600 1128 661 hoe

102 715 159 753 uon
174 694 268 765 dicat,
284 707 379 752 tamen
393 693 435 751 ita
448 693 543 762 dicat,
557 707 590 753 ut
599 693 712 769 judices
722 692 862 770 suspicari
875 707 904 751 et
915 696 1042 772 cogitare
1055 716 1127 775 pos-

102 791 177 862 sint,
192 790 268 848 hauc
282 789 426 849 rationem
439 791 634 850 estimationis
646 791 783 849 frumenti
794 790 831 848 ad
844 791 1030 851 commodum
1040 813 1128 851 sena-

105 901 218 959 torum,
241 900 271 945 et
286 887 324 946 ad
337 888 492 946 utilitatem
505 907 621 959 eorum,
638 888 689 967 qui
699 886 843 966 judicent,
860 889 955 965 quiin
970 890 1127 966 provinciis

102 1003 167 1042 cum
183 996 343 1060 potestate,
356 997 407 1041 sut
421 1003 488 1041 cum
501 985 644 1062 legatione
657 1003 688 1042 se
704 985 817 1042 futuros
830 983 986 1064 aliquando
1000 1005 1062 1044 esse
1077 1006 1127 1044 ar-

103 1077 256 1151 bitrentur,
270 1080 432 1157 pertinere,
449 1081 497 1157 96.
518 1084 562 1138 Ex
577 1099 636 1157 quo
652 1079 725 1137 nihil
741 1078 819 1138 aliud
836 1080 973 1157 consequi
987 1081 1128 1154 ostendit,

104 1196 191 1254 quam
207 1189 239 1234 ut
255 1174 363 1252 judicia
375 1195 393 1233 a
406 1189 508 1235 senatu
520 1177 558 1235 ad
574 1179 661 1236 alium
676 1176 809 1234 ordinem
825 1174 1043 1250 transferantur,
1059 1196 1107 1255 97.

142 1275 176 1329 ln
193 1285 321 1330 extrema
338 1274 470 1332 oratione
485 1274 587 1332 Cicero
596 1274 710 1351 judices
725 1272 881 1343 admonet,
896 1288 927 1332 ut
939 1262 1055 1352 cognitu
1067 1275 1128 1352 jam

104 1380 164 1426 tota
172 1389 204 1426 re
218 1368 403 1427 frumentaria
416 1369 471 1428 sibi
485 1383 566 1428 certo
580 1370 790 1448 persuadeant,
803 1370 934 1428 amissam
944 1389 1005 1429 esse
1017 1373 1128 1449 populo

105 1483 224 1525 romano
238 1465 372 1539 Siciliam,
388 1465 644 1525 fructuosissimam
662 1479 748 1544 atque
763 1466 1039 1543 opportunissimam
1051 1486 1126 1545 pro-

105 1561 244 1634 vinciam,
262 1562 317 1620 uisi
331 1581 394 1619 eam
408 1563 506 1620 Verris
521 1563 707 1621 damnatione
721 1554 909 1640 recuperent,
926 1563 1128 1641 efficiantque,

107 1670 145 1728 ut,
156 1677 246 1734 quum
259 1657 340 1716 istius
352 1658 460 1716 scelere
472 1659 616 1717 arationes
630 1671 691 1717 tota
704 1658 800 1718 Sicilia
812 1656 933 1716 desertae
944 1672 1032 1736 atque
1047 1677 1064 1716 a
1079 1657 1131 1716 do-

106 1754 187 1813 minis
203 1755 310 1812 reiictae
324 1754 397 1828 sint,
417 1757 472 1813 hoc
482 1754 594 1831 judicio
610 1769 740 1815 aratores
754 1754 785 1812 in
802 1775 903 1832 agros,
921 1757 950 1814 iu
969 1754 1045 1815 tedes
1064 1775 1130 1814 suas

106 1865 297 1926 revertantur,
314 1856 362 1929 98.
