2654 5220
130 794 174 866 32
454 796 503 863 u.
524 750 568 863 “r.
594 794 872 865 c1cuuou1s

127 933 164 986 et
180 918 368 1014 experiens
386 926 518 1000 arator,
535 913 617 1009 qui,
636 937 751 1010 quum
770 927 915 985 tautum
931 910 1075 986 dederit
1087 914 1179 989 decu·

129 1049 260 1112 mano,
282 1037 460 1121 quantum
482 1022 543 1093 ille
565 1021 690 1095 deberi
709 1022 860 1110 dixerit,
878 1021 1019 1119 judicio
1041 1040 1185 1124 repetat,
1224 1084 1236 1111 .,

128 1149 166 1206 et
180 1156 329 1232 poenam
347 1130 486 1228 octupli
504 1146 754 1230 persequatur.
781 1123 960 1230 Exspecto
981 1134 1057 1203 vim
1075 1134 1187 1220 edicti,

127 1244 354 1316 severitatem
386 1242 572 1338 praetoris;
607 1240 709 1312 faveo
738 1243 890 1329 aratori,
920 1244 1031 1340 cupio
1062 1244 1189 1344 octupli

126 1354 289 1426 damnari
317 1355 531 1448 Apronium.
560 1350 658 1440 Quid
685 1350 831 1422 tandem
861 1351 1023 1450 postulat
1053 1355 1191 1427 mator?

129 1462 236 1549 nihil,
250 1462 318 1532 nisi
332 1484 377 1531 ex
389 1460 507 1531 edicto
518 1459 694 1554 judicium
704 1465 743 1531 in
755 1461 957 1559 octuplum.
971 1463 1075 1552 Quid
1088 1467 1192 1563 Apro

128 1570 234 1642 nius?
262 1594 340 1640 non
363 1564 537 1641 recusatl.
561 1569 659 1659 Quid
683 1572 863 1669 praetor⁹l
881 1569 989 1667 jubet
1006 1598 1193 1673 recupera·

128 1696 225 1751 tores
251 1679 411 1774 rejicere.
424 1722 473 1732 —
488 1682 661 1751 Decurias
688 1680 1067 1775 scribamus—Quas
1089 1685 1193 1759 deeu-

129 1789 222 1861 rias?
248 1789 293 1860 de
323 1789 475 1859 cohorte
502 1814 583 1861 mea
609 1789 768 1884 rejicies,
790 1791 1110 1887 inquit—Quid?
1133 1798 1194 1867 isu

130 1900 261 1971 cohors
276 1923 434 1996 quorum
449 1898 641 1969 hominum
658 1914 713 1970 est
722 1898 942 1971 l—Volusii
954 1904 1149 1997 aruspicis,
1162 1919 1195 1975 et

128 2008 287 2082 Cornelii
322 2007 473 2093 medici,
504 2022 541 2078 et
572 2009 706 2079 horum
733 2033 888 2095 canum,
916 2034 1013 2107 quos
1038 2012 1195 2085 tribuual

129 2144 252 2192 meum
270 2118 370 2189 rides
391 2116 560 2189 lambere.
582 2122 673 2190 Nam
694 2118 739 2190 de
758 2134 942 2190 conventu
960 2120 1107 2194 nullum
1123 2148 1194 2195 um·

128 2255 237 2328 quam
251 2228 429 2324 judicem,
447 2253 515 2299 nec
529 2243 819 2326 recuperatorem
836 2227 959 2301 dedit:
975 2231 1124 2328 iniquos
1137 2232 1195 2305 de·

129 2342 292 2414 cumanis
322 2362 399 2410 esse
426 2337 545 2409 aiebat
570 2362 716 2426 omnes,
738 2342 804 2435 qui
827 2337 938 2409 ullam
960 2340 1036 2435 agri
1056 2340 1194 2439 glebam

127 2451 365 2551 possiderent.
390 2447 621 2521 Veniendum
639 2463 716 2519 erat
726 2459 756 2492 ¹⁰
780 2447 825 2518 ad
848 2473 910 2519 eos
934 2464 1065 2521 contra
1082 2456 1194 2551 Apro·

128 2565 249 2648 nium,
270 2561 334 2656 qui
353 2557 517 2629 noudum
540 2559 648 2629 etiam
674 2558 872 2654 Aproniani
896 2559 1053 2629 convivii
1071 2584 1194 2659 crapu-

128 2669 197 2740 lam
217 2668 452 2740 exhalassent.

175 2781 254 2848 XII.
280 2780 312 2846 Ο
338 2775 548 2872 praeclarum
570 2791 607 2847 et
623 2776 984 2848 commemorandum
1000 2778 1194 2873 judicium!

126 2914 149 2958 o
171 2910 333 2957 severum
357 2883 533 2956 edictum!
559 2910 581 2956 0
601 2899 719 2957 tutum
740 2884 947 2984 perfugium
966 2890 1169 2962 aratorum!

176 3001 316 3092 Atque,
344 3009 387 3065 ut
415 2994 635 3092 intelligatis,
668 2996 874 3091 cujusmodi
900 3001 968 3069 ista
993 3000 1133 3093 judicia
1159 3003 1196 3074 in

126 3281 189 3328 latur
207 3278 276 3343 quod
290 3286 417 3325 exercetur
429 3291 473 3340 prr
486 3286 638 3339 recuperato·
684 3275 838 3333 duxerimus,
856 3276 883 3322 in
892 3274 950 3324 elbo
961 3276 1137 3330 describemus.
1151 3284 1198 3331 Re·

126 3375 177 3417 res,
198 3373 241 3406 seu
256 3356 367 3404 homines
380 3354 410 3403 ab
428 3364 532 3419 pretore
544 3353 640 3418 delege-
683 3353 790 3419 spondet
798 3356 902 3403 Verres:
918 3356 986 3417 Quae
999 3367 1027 3405 tu
1038 3357 1102 3407 mihi
1115 3376 1197 3409 neme

128 3450 181 3498 tos,
207 3436 250 3499 qui
280 3434 310 3482 de
338 3435 439 3498 privetis
465 3434 639 3481 controversiis
684 3434 810 3482 decurias?
829 3432 893 3481 daho
909 3433 955 3480 tihi
971 3448 1197 3501 recupentomex

124 3517 277 3579 judicarent,
288 3524 311 3561 et
324 3528 441 3577 perquer
453 3528 524 3560 suurn
537 3515 641 3576 quisque
684 3529 737 3560 mee
748 3512 859 3560 cohorte.
873 3513 990 3573 ltejicies,
1001 3515 1019 3563 i.
1033 3532 1056 3562 e.
1071 3517 1147 3583 eliger
1166 3536 1198 3568 ex

126 3602 288 3658 recuperaret.
684 3609 712 3640 ee
734 3607 797 3656 quoe
812 3602 838 3638 to
852 3591 928 3642 voles.
940 3618 977 3629 -
988 3594 1057 3656 Quld
1068 3597 1126 3645 ris?
1137 3598 1198 3663 dicit

163 3676 189 3722 8.
204 3674 262 3720 Non
275 3680 380 3717 recusat.
393 3670 458 3732 Quin
472 3669 555 3716 Verris
571 3685 641 3717 men·
683 3680 777 3732 erutor,
791 3670 834 3732 qui
847 3682 905 3720 eunt
916 3671 958 3719 ini
970 3688 1002 3718 ex
1018 3684 1059 3721 tue
1076 3676 1198 3727 cohorte?

126 3765 176 3800 tem
188 3768 216 3799 cc
228 3751 335 3798 levorem
348 3749 427 3796 norit.
684 3775 720 3784 -
732 3750 807 3808 Sunt,
823 3748 955 3813 respondet
964 3751 1066 3814 Verres,
1079 3756 1197 3805 Volusius

163 3848 188 3894 9.
206 3828 273 3893 Quid
282 3838 383 3891 praetor.
398 3827 465 3889 Quid
477 3828 547 3874 faciet
559 3826 640 3874 honus
684 3841 802 3890 aruspex,
817 3827 945 3875 Cornelius
956 3829 1080 3892 medicus,
1092 3846 1140 3883 etc.
1157 3837 1197 3884 Sic

127 3909 238 3977 pretor?
264 3906 341 3956 Juhet
369 3917 489 3954 amtorem
513 3921 639 3971 recupera·
684 3906 777 3970 optime
793 3904 963 3970 dielogismum
976 3907 1198 3973 dispensarunt·-

127 3992 197 4039 tores'
207 3987 322 4048 rejicere,
339 3984 356 4031 i.
372 4000 393 4033 e.
405 3994 471 4032 rorte
490 3984 594 4042 ducere,
613 3994 638 4031 et
682 3985 766 4032 cutim
772 3993 796 4030 et
803 3983 952 4045 Desierrlinr.
960 3990 1057 4037 Frustra
1064 3989 1197 4042 delendum

126 4083 174 4135 pro
196 4080 242 4114 eno
260 4064 315 4125 jure
336 4078 379 4110 eos
396 4064 511 4125 rejicere,
531 4062 574 4127 qui
591 4062 638 4109 eibi
683 4062 775 4128 rejicies
792 4075 940 4112 censuerunt
960 4067 1043 4118 (ἔην.
1058 4080 1083 4118 et
1099 4073 1198 4124 Em,

127 4164 179 4197 non
191 4144 311 4211 pleceent.
319 4144 415 4202 Amor,
426 4141 469 4205 qui
479 4158 531 4189 rem
540 4141 637 4205 pervul-
683 4141 773 4205 quihus
783 4144 915 4192 mentitur
923 4143 1018 4193 Harles.

126 4239 182 4292 gan
191 4225 230 4271 rie
239 4230 367 4272 tractetum
380 4221 411 4267 iri
423 4231 508 4284 putet,
522 4220 582 4267 dicit
590 4230 636 4267 ete·
720 4238 760 4270 ιο.
777 4223 929 4271 Veniendum
947 4236 1010 4274 erat.
1027 4229 1143 4281 Habendi
1161 4232 1200 4283 illi

126 4308 170 4353 tim
181 4339 188 4364 ‚
203 4324 214 4346 ι
222 4300 331 4350 ᾱοοιιιίιι
345 4298 493 4356 scribam,
507 4301 523 4346 i.
534 4315 556 4346 e.
567 4314 637 4346 recu·
681 4312 768 4350 contre
778 4304 917 4366 Apronium
926 4314 995 4352 eunt
1005 4321 1199 4372 meupenwm,

126 4395 251 4448 pecatores
263 4379 394 4427 sortiemur
407 4392 438 4426 ex
453 4377 574 4436 decuriis,
594 4394 637 4426 eeu
681 4395 786 4443 quorum
803 4397 834 4429 ex
848 4381 965 4429 convivio
981 4385 1050 4448 quod
1070 4391 1200 4453 Apronius

127 4480 158 4508 ex
172 4468 295 4509 conventu
309 4457 398 4505 civium
413 4472 476 4504 rom.
494 4456 555 4521 (vid.
565 4459 636 4504 Verr.
680 4459 730 4507 illis
740 4459 899 4518 instruxerat,
908 4461 1019 4510 nondum
1030 4465 1165 4518 vinolenti:
1174 4482 1199 4519 et

125 4543 146 4597 1,
161 4543 205 4606 δι)
222 4552 246 4588 et
263 4537 362 4587 nomina
380 4553 476 4593 eorum,
493 4553 554 4600 quoe
570 4550 636 4587 sorte
681 4538 784 4585 ebrietas
794 4538 953 4587 deferbuerat.
