2654 5220
13 42 32 209 l
232 105 535 177 ravantum
559 107 666 176 lor.
686 106 744 190 11,
769 108 862 175 mn.
888 109 963 176 111.
1053 134 1057 142 ¹
1089 112 1135 196 45

90 339 222 411 obsitum
239 341 407 425 vidisses,
422 366 575 412 annonae
594 341 778 411 caritatem
792 364 869 410 non
883 366 1067 433 vererere,
1085 347 1135 416 sic

10 520 20 527 ,
89 466 145 521 uat
159 448 332 523 deformis
350 467 460 549 atque
479 451 671 534 horridus,
696 466 735 521 ut
754 455 791 520 in
812 449 993 523 uberrima
1011 455 1134 526 Siciliae

10 597 41 641 a
89 578 165 656 parte
182 563 339 635 Siciliam
362 587 616 660 quaereremus.
640 559 886 633 Labefactarat
906 565 1005 634 enim
1025 565 1134 636 vehe-

10 744 29 752 „
87 686 204 742 menter
222 687 382 743 aratores
398 674 473 769 jam
494 673 661 771 superior
682 695 816 758 annus;
837 675 1023 769 proximus
1047 701 1134 747 vero

11 820 29 845 .-
87 779 225 853 lunditus
245 798 434 854 everterat.

23 904 31 915 “
120 896 204 964 XIX.
231 897 287 965 Tu
313 893 402 964 mihi
426 895 533 965 etiam
556 893 666 965 audes
688 887 912 964 mentionem
936 894 1053 967 lacere
1074 898 1137 969 de·

15 1018 21 1029 '
88 1003 267 1075 cumarum!
288 1018 329 1075 tu
350 1009 388 1074 in
408 1018 507 1074 tanta
527 1003 778 1101 improbitate,
799 1018 840 1073 tu
860 1008 898 1073 iu
917 1019 1016 1076 tanta
1034 1031 1135 1078 acer·

88 1109 192 1200 litate,
211 1117 249 1184 in
268 1128 324 1184 tot
340 1128 376 1185 et
396 1116 504 1185 tantis
520 1113 681 1208 injuriis,
700 1137 816 1208 quum
834 1115 872 1182 in
890 1115 1133 1205 arationibus,

41 1266 47 1343 1
89 1236 114 1290 et
132 1227 163 1293 in
188 1248 313 1295 earum
340 1247 461 1295 rerum
486 1223 568 1318 jure
594 1225 780 1320 provincia
806 1222 924 1292 Sicilia
943 1227 1136 1313 consistat,

10 1346 48 1433 ,54
90 1336 191 1405 eversis
213 1332 380 1405 funditus
408 1332 633 1418 aratoribus,
656 1331 790 1403 relictis
817 1335 929 1426 agris,
955 1357 1071 1429 quum
1094 1339 1133 1406 iu

90 1447 246 1532 provincia
267 1460 342 1516 tam
363 1442 559 1541 locupleti¹
585 1467 626 1514 ac
648 1441 794 1525 referta,
813 1466 888 1512 non
909 1442 1019 1514 modo
1035 1469 1132 1526 rem,

20 1600 28 1652 .·
89 1550 191 1624 sedne
218 1579 321 1652 spem
345 1552 523 1650 quidem²
552 1552 661 1624 ullam
684 1551 859 1648 reliquam
884 1553 1054 1648 cuiquam
1077 1552 1130 1625 se·

89 1663 165 1748 ceris,
182 1663 321 1761 aliquid
338 1677 374 1734 te
393 1659 591 1762 populare³
610 1659 754 1760 putabis
770 1660 922 1747 habere,
940 1688 1055 1759 quum
1073 1663 1129 1735 di·

89 1787 143 1856 tes,
167 1787 202 1843 te
227 1772 363 1871 pluris,
386 1796 497 1870 quam
522 1787 681 1857 ceteros,
707 1770 877 1842 decumas
903 1773 1132 1845 vendidisse?

88 1876 168 1965 Quasi
195 1908 284 1955 vero
309 1897 372 1953 aut
397 1882 557 1981 populus
583 1907 756 1953 romanus
781 1881 851 1965 hoc
871 1882 1046 1970 voluerit,
1068 1900 1131 1954 aut

32 2056 35 2065 ,
86 2007 201 2065 senatus
224 1992 297 2066 hoc
321 1991 388 2064 tihi
409 1991 653 2079 mandaverit,
677 2006 738 2076 ut,
760 2016 875 2089 quum
901 2017 1029 2064 omnes
1053 2019 1127 2065 ara-

25 2131 34 2141 *
84 2104 179 2172 lomm
216 2101 382 2174 fortunas
418 2100 655 2173 decumarum
691 2104 840 2173 nomine
876 2107 1055 2201 eriperes,
1091 2108 1128 2175 in

10 2235 27 2281 r,
79 2225 243 2296 posterum
271 2210 393 2284 fructu
421 2211 483 2283 illo
514 2212 783 2308 commodoque
811 2215 861 2283 rei
887 2210 1131 2286 frumentariae

10 2346 18 2387 ῑ
74 2322 234 2419 poputum
261 2346 452 2393 romanum
482 2325 662 2418 privares,
686 2319 839 2409 deinde,
862 2327 890 2391 si
913 2347 1024 2418 quam
1046 2349 1128 2421 par-

73 2433 154 2503 lem⁴
174 2449 246 2505 tuae
262 2433 390 2532 praedae
406 2433 453 2504 ad
471 2457 648 2505 summam
665 2432 902 2504 decumarum
918 2432 1129 2521 addidisses,

65 2525 150 2615 bene
168 2545 215 2616 de
235 2543 373 2642 populo
395 2569 550 2615 romano
567 2547 719 2613 meritus
740 2541 913 2613 viderere.

107 2661 224 2753 Atque
250 2651 353 2726 haec⁵
381 2655 531 2753 perinde
559 2653 707 2752 loquor,
729 2658 833 2749 quasi
860 2657 897 2722 in
921 2676 976 2725 eo·
991 2658 1035 2725 sit
1058 2656 1128 2727 ini-

10 2766 12 2771 ’
61 2768 173 2856 quitas
194 2765 275 2861 ejus
296 2764 616 2863 reprehendenda,
637 2762 738 2861 quod
756 2777 907 2862 propter
926 2764 1047 2863 gloriae
1068 2790 1130 2836 cu·

10 256 46 515 3
90 254 140 326 pus
149 233 364 318 Leontinus,
375 232 479 327 cujus
490 246 597 303 antea
608 254 691 328 spes
701 241 731 272 ¹⁰
748 229 825 301 haec
836 245 933 318 erat,
947 219 1007 317 ut,
1021 257 1135 329 quum

94 3041 133 3074 ro.
150 3029 218 3090 Spes.
238 3026 317 3073 Tanta
338 3034 389 3071 erat
406 3021 501 3071 fiducia·
514 3022 566 3087 agri
646 3036 671 3069 a.
684 3022 720 3068 Ne
732 3037 798 3086 spem
813 3021 919 3085 quidam.
939 3022 1013 3085 Quae,
1033 3024 1126 3072 aminis

62 3094 132 3164 illim,
148 3102 566 3167 mteenumhabebntm,pmpter
611 3100 683 3148 rebus
699 3101 829 3158 omnibus,
845 3103 938 3149 miseris
957 3103 1021 3150 nolet
1040 3118 1126 3167 ouper-

63 3178 140 3233 stmtn
158 3182 330 3242 fecunditatis,
352 3197 453 3229 nmen
475 3181 566 3230 bonam
610 3196 670 3228 esse.

65 3257 160 3321 larem,
177 3261 287 3311 sinodo
302 3272 480 3318 contereretur,
493 3276 566 3309 nemo
647 3263 671 3309 3.
684 3260 814 3324 Populare.
830 3262 866 3307 Te
879 3261 974 3325 populo
991 3263 1125 3326 gratiosum

67 3338 176 3392 datium
187 3342 218 3391 de
228 3341 295 3390 bom
306 3356 391 3389 mate.
405 3340 446 3389 sto
459 3361 471 3382 ι
479 3341 567 3402 regem
611 3340 709 3399 credes,
718 3339 787 3403 quati
801 3342 853 3401 ejus
862 3340 988 3403 vectigalia
996 3340 1129 3406 amplifica·

67 3433 117 3469 tuta
130 3421 194 3471 fidet
206 3437 286 3470 mea·
302 3421 389 3467 Horat.
398 3421 450 3478 ΙΙΙ,
465 3420 511 3477 m,
525 3421 567 3467 so.
612 3420 662 3476 ria,
684 3435 759 3483 qunm
775 3419 854 3482 dices,
863 3430 910 3468 stc.

69 3499 114 3548 tiu.
121 3518 152 3550 ex
160 3503 225 3551 MSS
234 3499 382 3566 qmbusdam
391 3499 490 3564 sputos,
500 3497 568 3562 quod
649 3509 672 3555 t.
687 3499 714 3546 Si
722 3515 797 3562 quam
803 3511 912 3563 partem.
922 3500 946 3547 Si
957 3516 987 3546 ex
998 3501 1045 3547 tuis
1058 3500 1129 3546 furtis

69 3581 206 3644 amplectitur
220 3582 305 3631 Gru.
316 3580 390 3629 Beck.
403 3577 568 3629 statuerat·
612 3589 707 3644 partem
713 3577 820 3642 aliquam
829 3578 874 3626 tibi
889 3579 1042 3636 detraheres,
1053 3593 1125 3639 qnam

68 3671 132 3714 tatem
141 3659 387 3710 delenduntGmtor.
401 3661 498 3707 Emmt.
611 3658 642 3705 nd
659 3657 936 3720 decumasadjuugeres.

10 3735 11 3740 ’
93 3740 159 3788 ΙΙΙ.
175 3740 251 3787 usic
260 3737 380 3787 Priscian.
392 3752 417 3801 p.
430 3737 490 3797 765.
501 3736 566 3797 atii,
649 3738 672 3783 5.
698 3737 773 3786 Multi
798 3739 905 3787 aditores
928 3738 993 3783 inter
1018 3737 1127 3800 optimos

69 3811 169 3879 locuplete
186 3819 210 3865 J.
224 3819 258 3865 V.
274 3819 303 3865 t.
612 3816 729 3864 omittunt
741 3816 800 3865 irre.
812 3818 869 3864 Non
880 3813 1016 3863 commode.
1027 3814 1052 3860 J.
1060 3814 1091 3859 V.
1099 3814 1127 3862 L.
1207 3872 1209 3877 Ι
