2654 5220
139 428 194 496 IN
219 426 434 495 VERREM
459 423 569 493 ACT.
595 426 650 508 11,
676 426 769 494 LIB.
795 427 871 495 111.
994 448 1035 495 ar

106 544 273 647 praesidio
291 546 377 616 salvi
394 569 471 617 esse
488 546 726 641 nonpossint.
744 543 867 634 Quid?
883 541 954 615 hoc
970 546 1041 614 cui·

106 655 287 728 ferendum
304 670 411 754 putas
429 680 526 744 esse,
544 679 613 725 nos
630 657 679 735 ita
696 655 817 726 vivere
834 656 872 724 in
888 656 1042 753 pecunia

117 780 158 837 ut
177 790 326 864 prorsus
348 764 438 836 nihil
460 767 646 862 acquirere
668 765 841 853 velimus3
861 778 902 836 ut
925 765 1041 864 digni-

111 891 295 964 uostram‚
326 876 529 974 populique
565 878 705 947 romani
734 873 934 961 beneficia,
965 900 1042 947 non

129 985 193 1058 sed
211 990 347 1057 virtute
367 1002 561 1058 tueamur:
582 989 710 1071 istum,
735 983 846 1057 rebus
871 985 1045 1058 omuibus

106 1101 139 1167 re
168 1098 325 1193 ereptis,
351 1099 502 1195 impune
529 1095 758 1189 eludentem⁷
793 1095 1044 1168 circumfluere

106 1205 302 1276 abundare?
314 1205 422 1300 hujus
435 1220 586 1303 argento
595 1205 757 1276 dominia
768 1220 884 1278 vestra
893 1202 922 1296 ⁸,
935 1206 1045 1303 hujus

109 1328 147 1384 et
172 1313 306 1386 tabulis
331 1313 453 1385 forum
479 1318 741 1412 comitiumque
770 1318 924 1405 ornari9,
948 1342 1040 1416 prae·

118 1448 234 1520 quum
256 1448 321 1495 vos
346 1438 466 1495 vestro
487 1429 602 1496 Marte
613 1436 644 1468 ¹⁰
664 1424 720 1495 his
741 1424 852 1497 rebus
872 1427 1046 1499 omnibus

106 1533 187 1605 etis?
208 1536 359 1604 Verrem
383 1557 476 1622 esse,
498 1535 563 1630 qui
587 1548 723 1605 vestras
746 1534 846 1606 villas
871 1537 946 1606 suis
967 1560 1045 1607 ma·

106 1653 134 1686 ¹¹
160 1647 289 1715 ornet?
311 1648 460 1715 Verrem
484 1669 581 1733 esse,
606 1644 670 1741 qui
694 1668 779 1715 cum
802 1647 841 1714 L.
866 1646 1044 1716 Mummio

129 1768 172 1824 ut
193 1755 315 1850 plures
336 1755 394 1825 hic
418 1757 602 1826 sociorum
621 1753 752 1842 urbes,
771 1779 880 1852 quam
902 1755 962 1827 ilie
981 1756 1045 1826 ho·

125 1865 298 1962 spoliasse
320 1863 503 1935 videatur?
520 1866 643 1962 plures
668 1866 728 1936 hic
747 1865 845 1937 solus
866 1866 967 1937 villas
986 1890 1046 1936 ora

106 1977 151 2047 tis
180 1972 371 2062 fanorum,
397 2000 506 2071 quam
532 1975 592 2046 ille
620 1974 703 2047 fana
731 1975 856 2072 spoliis
883 1975 1044 2047 hostium

106 2087 142 2157 a?
153 2091 198 2156 Et
211 2090 240 2156 is
252 2088 320 2156 erit
331 2085 379 2157 ob
392 2110 471 2157 eam
482 2111 561 2156 rem
573 2085 678 2156 vobis
694 2085 823 2173 carior,
837 2101 879 2157 ut
888 2096 919 2128 ¹²
934 2088 1044 2157 ceteri

106 2221 144 2267 us
160 2220 228 2266 suo
243 2195 407 2292 periculo
423 2187 550 2266 vestris
563 2194 825 2294 cupiditatibus
841 2196 1021 2267 serviant?

106 2309 220 2375 ferum
237 2304 314 2374 haec
330 2318 366 2375 et
382 2304 549 2376 dicentur
562 2305 632 2376 alio
647 2306 725 2376 loco
736 2316 761 2391 ¹,
774 2321 810 2377 et
826 2304 1041 2377 dictasunt:

106 2412 356 2486 roficiscemur
369 2414 413 2484 ad
426 2415 584 2512 reliqua,
598 2418 627 2485 si
639 2440 753 2513 pauca
767 2430 850 2487 aute
864 2414 1042 2488 fuerimus

106 2548 128 2609 ι,
148 2522 306 2618 judices,
326 2522 520 2622 deprecati.
545 2529 739 2622 superiore
758 2529 858 2596 omni
878 2530 1042 2598 oratione

106 2645 196 2703 tutos
222 2648 360 2703 vestros
383 2638 524 2706 animos
543 2633 739 2706 habuimus
759 2663 767 2704 :
788 2636 822 2706 id
843 2634 914 2706 fuit
935 2637 1042 2709 uobis

106 2811 143 2885 ipi
156 2828 209 2859 uon
220 2823 328 2876 possent.
340 2838 375 2848 -
387 2813 481 2861 Erum.
526 2814 573 2861 fori
586 2829 642 2877 paru
656 2826 722 2872 ent,
739 2814 836 2874 aulaeis,
850 2814 926 2879 rigui·
939 2815 1041 2881 aliique

106 2892 193 2941 retine.
527 2892 599 2940 rebus
611 2892 724 2957 pretiosis
733 2908 860 2943 exornare.
867 2893 927 2944 vid.
940 2899 1041 2946 Sueten.

106 2970 207 3021 dentem.
220 2971 299 3020 Nobis
309 2972 482 3032 insultantem,
527 2973 554 3018 iu
566 2971 618 3019 sul.
633 2986 671 3021 ιο.

107 3067 148 3099 err
162 3051 300 3110 fallentem,
314 3063 341 3099 m
354 3052 427 3099 simul
440 3069 484 3100 eor
567 3068 608 3100 ro.
625 3055 708 3098 Verrm
721 3052 811 3100 Mane.
827 3054 919 3101 Vestri·
931 3054 1042 3111 artiburr

106 3131 193 3179 rubeat.
212 3131 276 3178 Vide
295 3143 365 3179 notas
388 3133 482 3180 Duker.
527 3131 634 3196 propriis
648 3128 740 3178 viribus
753 3141 778 3178 et
799 3133 904 3196 rapinis,
919 3133 970 3179 rinc
987 3134 1042 3181 ullu

106 3210 202 3258 rborch.
224 3210 256 3259 ad
273 3213 303 3259 T.
320 3211 374 3259 Liv.
389 3210 432 3260 lib.
446 3214 485 3269 11,
530 3209 632 3257 aliorum
645 3209 803 3259 adminiculo.

568 3305 610 3338 rr.
622 3289 676 3337 Suis
688 3288 814 3337 manubiis.
827 3290 918 3354 spolii·
930 3294 999 3356 qumi
1011 3308 1041 3343 ex

106 3369 197 3418 iuss
210 3380 235 3417 et
248 3370 359 3429 Nonius,
368 3373 412 3428 lv,
426 3373 482 3419 125.
530 3370 600 3416 horte
612 3369 702 3434 captia,
717 3385 793 3433 quum
804 3371 893 3417 Verres
906 3373 988 3419 rocio·
998 3389 1044 3438 poa

106 3461 241 3506 ruerem,
256 3466 329 3512 quam
354 3449 483 3497 lectionem
528 3449 579 3511 puli
594 3465 656 3497 rom.
666 3449 773 3497 hortium
787 3449 844 3496 luco
861 3447 983 3500 habuerit.

106 3525 268 3575 invocavit
286 3530 403 3575 Graevius.
424 3533 484 3577 Fru-
566 3545 606 3576 ra.
625 3530 656 3575 Ue
673 3529 753 3575 ceteri.
766 3529 801 3576 Ut
820 3540 916 3576 cereroa
936 3533 1037 3597 provin-

105 3604 153 3653 ¹‘uia
165 3617 223 3652 runt
234 3622 307 3668 regna
319 3607 482 3670 poculorum,
527 3605 599 3653 ciuica
619 3607 771 3670 magistratu·
789 3606 838 3654 hoe
859 3619 938 3657 verrro
957 3626 1040 3659 amoro

106 3684 268 3732 eduliorum
277 3685 483 3734 Marcelluretiam
527 3685 557 3732 ad
576 3685 730 3750 spoliandum
748 3686 874 3745 invitetis,
898 3689 963 3737 uude
981 3706 1038 3754 por·

106 3779 160 3810 ar·
169 3763 225 3821 Sic,
243 3764 337 3827 inquit,
348 3765 483 3830 appellatur
526 3766 575 3811 rint
597 3775 686 3811 vertras
700 3764 847 3829 cupiditates
861 3769 976 3831 explere;
993 3786 1038 3819 suo

106 3842 235 3899 ambitor,
255 3843 320 3890 uude
338 3855 362 3891 et
372 3846 482 3892 dominia
526 3856 607 3892 tamen
624 3843 752 3908 periculo,
776 3861 832 3892 mn
854 3847 898 3893 eui
921 3848 1038 3913 prasidio

106 3923 198 3968 ‚Tunc
212 3921 276 3967 euim
286 3923 388 3971 maxime
401 3934 482 3971 osteu-
525 3934 608 3970 vestro
626 3924 773 3982 innitantur,
792 3922 844 3972 fieri
859 3918 937 3973 temeri
955 3939 1037 3990 porea

106 4011 198 4062 &genten
209 3999 328 4062 supellex.
527 4014 554 4052 ut
572 4019 656 4066 poems
664 4002 759 4064 judicio
773 4005 921 4069 perrolvant.

106 4077 143 4126 ιη’.
156 4078 241 4128 Ludos
253 4078 342 4127 edituri
359 4082 481 4144 magistra·
562 4085 592 4130 V.
611 4083 822 4132 1.A1i01000.1n
842 4085 1038 4149 tequeutibmli-

106 4168 135 4206 ιι
147 4157 230 4206 mmm
244 4169 268 4205 et
278 4160 417 4219 comitium,
427 4176 483 4225 qne
526 4162 589 4219 brit,
602 4164 627 4210 in
639 4152 728 4226 quibus
740 4150 804 4228 {repe
816 4148 970 4215 innobilium
981 4181 1040 4217 ava.

987 4335 995 4359 ι
1032 4317 1044 4346 0
