2670 4838
283 399 337 465 IN
363 398 575 466 VERREM
601 399 706 466 ACT.
734 397 904 478 11‚1.113.
931 400 999 466 III.
1056 442 1059 453 ·
1131 400 1179 482 43

110 530 230 601 arent,
258 532 297 587 ut
328 532 449 589 serant
476 519 514 588 in
541 515 744 590 beneficio⁶
770 517 897 615 populi
925 519 1076 588 romani.
1104 524 1180 590 Hoc

110 629 198 725 petit
215 625 403 725 aliquanto
419 643 502 699 ante
519 629 717 700 adventum
735 652 860 712 suum;
878 643 914 699 et
931 628 1038 700 simul
1057 643 1179 700 osten·

110 737 182 822 dit,
204 760 243 806 se
266 736 343 834 lege
361 739 552 809 Hieronica
572 738 823 823 venditurum,
844 738 915 810 hoc
936 753 1005 825 est,
1027 742 1064 808 in
1081 743 1180 810 omui

110 848 251 917 ratione
271 848 507 919 decumarum
529 850 618 920 nihil
638 851 695 921 isti
719 850 834 921 simile
853 849 1042 921 facturum.
1061 855 1181 947 Atque

110 958 186 1029 lraec
212 980 289 1028 nou
318 960 535 1057 cupiditate⁷
564 960 685 1059 aliqua
712 959 836 1031 scribit
862 959 1056 1048 adductus,
1082 975 1123 1030 ut
1142 963 1181 1032 iu

110 1068 263 1139 alienam
289 1072 513 1166 provinciam
539 1074 658 1141 mittat
681 1072 800 1142 literas
825 1085 906 1142 ante
929 1085 1094 1166 tempus3
1119 1068 1183 1140 sed

111 1179 281 1261 consilio,
300 1203 365 1265 ne,
383 1183 412 1249 si
431 1194 575 1277 tempus
594 1182 740 1252 sationis
758 1182 1007 1280 praeteriisset,
1028 1204 1182 1278 granum

111 1291 147 1358 in
175 1291 364 1386 provincia
391 1289 509 1361 Sicilia
538 1291 682 1362 nullum
709 1291 938 1363 haberemus.
967 1293 1183 1388 Cognoscite

111 1394 245 1468 Metelli
271 1398 400 1470 literas.
430 1404 552 1472 Recita
577 1401 766 1499 epistolam
796 1407 835 1472 L.
863 1400 1008 1473 Metelli.
1038 1405 1181 1472 eraan

112 1511 150 1577 L.
169 1511 348 1578 Manain.

158 1619 508 1706 mutuantem,
520 1619 675 1714 judices,
688 1626 728 1691 L.
742 1620 896 1708 Metelli,
910 1645 1001 1716 quas
1016 1618 1181 1705 audistis,

113 1727 197 1815 hoc,
212 1744 391 1825 quantum
406 1743 520 1801 estex
538 1730 655 1800 Sicilia
675 1728 849 1800 frumenti
862 1730 1049 1800 hornotini
1059 1741 1083 1817 ¹,
1103 1752 1183 1800 exa·

111 1854 292 1910 raverunt.
321 1838 473 1910 Glebam
498 1855 714 1911 commosset
737 1845 774 1911 in
795 1865 883 1938 agro
905 1840 1107 1912 decumano
1126 1843 1180 1911 Si-

112 1949 198 2019 ciliae
221 1972 350 2035 nemo,
370 1952 398 2019 si
419 1950 588 2021 Metellus
611 1950 706 2021 hanc
726 1950 914 2049 epistolam
926 1974 1001 2020 non
1022 1950 1182 2020 misisset.

112 2056 231 2148 Quid?
252 2059 399 2130 Metello
417 2060 591 2132 «livinitus
609 2061 679 2131 hoc
697 2061 851 2131 venitin
869 2075 1049 2147 mentem,
1068 2085 1114 2128 an
1134 2059 1179 2130 ab

111 2169 255 2255 Siculis,
273 2171 339 2266 qui
357 2175 509 2241 Romam
528 2169 810 2267 frequentissimi
831 2184 1096 2257 convenerant,
1116 2193 1179 2239 ne·

111 2279 434 2378 gotiatoribnsque'
450 2280 574 2352 Siciliae
595 2281 724 2354 doctus
749 2282 849 2354 esu?
874 2306 1031 2380 quorum
1052 2285 1179 2379 quanti

111 2405 313 2461 conventus
333 2389 379 2462 ad
397 2391 603 2479 Marcellos,
623 2393 890 2490 antiquissimos
909 2393 1035 2464 Siciliae
1057 2406 1179 2490 patro·

111 2523 198 2588 nos,
221 2503 350 2596 quanti
377 2500 420 2574 ad
449 2507 515 2573 Cn.
543 2503 774 2598 Pompeium,
800 2501 987 2574 consulem
1016 2500 1180 2599 designa·

113 2624 206 2695 tum,
224 2625 437 2707 ceterosque
459 2606 555 2683 illius
575 2614 770 2710 provincia
788 2613 1023 2699 necessarios,
1036 2610 1115 2682 fieri
1129 2636 1180 2680 so

113 2718 162 2791 liti
179 2721 276 2806 sint,
295 2723 378 2818 quis
397 2723 560 2818 ignorat?
576 2721 685 2813 Quod
700 2723 848 2819 quidem
861 2718 1059 2817 judicium³
1076 2720 1180 2790 nullo

114 2856 286 2930 umquam
309 2832 355 2904 de
376 2832 526 2905 homine
548 2832 769 2919 factumest,
790 2848 832 2903 ut
849 2833 978 2904 absens
996 2856 1180 2903 accusare·

143 3017 168 3062 6.
182 3016 214 3060 ln
237 3013 361 3080 bonefisio.
381 3015 410 3060 In
433 3014 463 3060 iis
485 3015 548 3078 agris
562 3031 624 3077 qnos
667 3010 1180 3069 Hornotinum,seultomumdicebnntve

113 3091 230 3140 Beneficio
254 3090 342 3158 populi
361 3093 455 3140 romani
474 3092 573 3142 debent.
589 3119 623 3130 -—
668 3104 731 3140 teres
753 3092 820 3156 qnod
838 3105 889 3140 erat
905 3091 1014 3152 ejusdem
1028 3092 1095 3139 unul.
1107 3091 1179 3139 Conf.

112 3173 222 3219 Gravius
233 3170 325 3220 delevit
338 3171 378 3230 in,
394 3173 463 3235 qnod
476 3188 527 3219 uon
542 3174 588 3220 suit
598 3173 623 3218 in
668 3175 731 3220 Hor.
741 3172 783 3221 od.
794 3173 843 3232 III,
857 3172 1119 3219 23.-E:caravernnt.
1137 3172 1180 3216 Fe·

113 3250 154 3299 MS
180 3249 328 3306 Nannieno,
352 3265 472 3316 negatque
494 3252 622 3300 commode
671 3263 757 3300 cerunt
769 3263 797 3298 ut
810 3251 1014 3299 examretur2lris
1023 3250 1100 3299 literis
1110 3249 1182 3297 debe·

114 3328 173 3387 dici,
184 3344 266 3377 serere
281 3331 307 3376 ἐπ
320 3330 436 3398 benefic&
445 3349 475 3395 p.
489 3347 508 3379 r.
519 3331 623 3379 VIdetnr
672 3342 712 3378 tur
722 3330 843 3394 quidquid
862 3331 888 3377 in
904 3330 985 3378 Sicilia
1000 3330 1049 3377 hoc
1062 3344 1128 3377 anno
1144 3340 1181 3376 est

112 3408 136 3455 id
146 3424 201 3456 non
220 3409 369 3457 Intellexisse
388 3410 509 3459 Graevius.
523 3409 621 3458 Schiitz.
671 3409 809 3457 collectum.

113 3490 251 3554 suspicantur
258 3489 388 3552 legendnm
401 3507 452 3538 esse
465 3504 471 3538 ε
482 3500 527 3536 «ut
536 3501 623 3538 serant.
702 3504 729 3536 n.
744 3492 815 3536 Forte
826 3489 924 3536 edoctus
935 3499 984 3542 ert,
1003 3488 1081 3552 inquit
1092 3487 1181 3535 Guliel-

113 3569 140 3616 In
151 3567 266 3616 beneficii
277 3568 335 3617 loco
347 3581 441 3633 praetor
453 3569 540 3633 populi
562 3585 626 3618 rom.
669 3569 739 3617 mins.
750 3569 774 3616 J.
789 3571 820 3614 V.
833 3571 861 3615 1..

112 3646 236 3712 hocpetit
245 3670 266 3697 n.
275 3651 300 3696 J.
312 3645 347 3696 V.
361 3650 388 3696 L.
706 3649 729 3694 3.
752 3646 825 3707 Quod
846 3646 944 3710 quidem
962 3644 1093 3708 judicium.
1117 3649 1178 3708 Quae

146 3745 170 3786 ς.
185 3724 337 3790 cupiditate.
352 3727 440 3775 StndIo
458 3725 565 3790 quodam
581 3726 625 3773 ‹lo-
669 3724 809 3772 testificatio
832 3725 1036 3782 existimationis,
1058 3742 1130 3788 qnam
1149 3724 1180 3771 de

112 3806 312 3854 urinandi—In
338 3807 447 3854 alienum
462 3804 623 3869 provinciam.
670 3821 714 3851 sno
728 3814 830 3868 praetore
845 3805 1007 3867 provinciales
1018 3804 1127 3851 homines
1138 3803 1181 3849 ha·

111 3885 228 3933 Nondum
246 3886 309 3932 enim
333 3887 421 3934 Verres
435 3886 576 3932 decesserat.
591 3911 625 3919 -
670 3883 966 3947 berent‚uulloumqnnm
974 3883 1004 3932 de
1014 3883 1181 3931 hominefncta

110 3968 176 4012 Anto
186 3976 289 4027 tempus.
299 3967 436 4028 Antequam
449 3974 590 4028 potestatem
602 3976 625 4010 et
671 3974 778 4026 est,etc.
794 3964 888 4027 Saepius
904 3964 998 4024 judices
1016 3965 1064 4009 huc
1085 3972 1182 4007 revocat

110 4045 242 4108 inperium
255 4043 343 4092 habent
354 4046 378 4090 in
389 4043 525 4108 provincio.
670 4055 760 4098 orator,
772 4044 911 4092 etostendit
919 4048 1015 4091 Verrem
1026 4057 1119 4089 summo
1132 4056 1184 4088 om·

145 4123 441 4170 xV111.‹.110moetm'.
464 4124 541 4182 liujus
556 4124 623 4170 anni.
671 4123 742 4171 nibus
765 4140 816 4171 esse
841 4123 912 4171 odio.
939 4125 993 4184 Qua
1018 4119 1116 4183 quidem
1138 4137 1181 4167 eos
