2654 5220
296 358 352 426 1n
376 353 600 423 vundan
622 354 731 424 ior.
753 354 813 436 11,
840 352 1025 421 maur.
1151 360 1196 450 47

119 501 233 575 quam
255 501 334 548 esse
352 490 534 563 vestrum,
557 477 649 572 quin
665 496 760 570 saepe
776 471 950 555 audierit,
965 475 1082 545 socios
1099 475 1200 549 istius

121 587 234 658 luisse
258 586 493 658 decumanos.
519 585 617 659 Nihil
635 582 734 655 aliud
751 581 907 653 arbitror
926 587 963 653 in
981 587 1091 655 istum
1110 582 1199 656 falso

125 723 202 771 esse
221 698 361 768 dictum
377 695 424 768 ab
441 698 502 782 iis,
520 697 585 793 qui
599 695 691 765 male
706 693 752 763 de
769 696 839 763 isto
855 694 1113 781 existimarint,
1130 696 1198 766 nisi

127 809 205 880 hoc.
227 814 321 881 Nam
339 811 427 879 socii
443 806 596 905 putandi
612 819 719 890 sunt,
737 828 832 899 quos
850 804 943 873 inter·
961 827 1019 874 res
1037 827 1200 876 commu·

132 920 243 996 nicata
277 934 340 990 est.
369 922 445 1015 Ego
472 941 550 988 rem
580 930 717 1003 totam,
746 910 984 1009 fortunasque
1013 929 1197 987 aratorum

136 1050 273 1113 omnes,
292 1031 397 1098 istius
415 1025 525 1097 luisse
543 1025 626 1097 dico
645 1053 653 1094 ε
680 1025 904 1122 Apronium,
924 1027 1193 1122 Veneriosque¹

138 1160 264 1225 servos,
285 1138 386 1235 quod
407 1141 475 1209 isto
490 1151 644 1235 praetore
663 1132 733 1205 fuit
751 1158 888 1204 novum
907 1157 1022 1229 genus
1037 1133 1196 1232 publica·

143 1269 278 1335 rorum,
309 1263 534 1344 ceterosque·
550 1246 791 1332 decumanos,
819 1258 1074 1342 procuratores
1096 1246 1198 1319 istius

146 1372 285 1449 quastus
316 1372 353 1428 et
379 1359 590 1428 ministros²
614 1357 825 1453 rapinarum
852 1351 963 1424 fuisse
988 1353 1083 1425 dico.
1112 1360 1198 1447 Quo

149 1465 235 1538 nodo
254 1467 326 1539 hoc
344 1466 477 1538 doces?
489 1492 565 1563 quo
579 1462 716 1536 modu³
732 1491 776 1536 ex
790 1465 969 1536 locatione
984 1465 1043 1536 illa
1057 1467 1195 1538 colum-

150 1597 252 1649 narum
274 1578 384 1650 docui
412 1581 520 1649 istum
551 1601 627 1647 esse
660 1574 877 1675 praedatum3
904 1578 1052 1672 opinor,
1079 1602 1124 1647 ex
1151 1603 1195 1649 eo

152 1691 300 1774 maxime,
333 1688 433 1784 quod
460 1688 623 1783 iniquam
652 1686 769 1783 legem
801 1710 1008 1781 novamque
1036 1685 1193 1761 dixisset.

152 1790 216 1880 Quis
229 1800 325 1869 enim
344 1822 520 1896 umquam
540 1811 691 1867 conatus
708 1810 761 1867 est
777 1798 859 1893 jura
877 1799 1034 1884 omnial,
1058 1813 1093 1869 et
1110 1823 1195 1870 con·

152 1907 353 1980 suetudinem
374 1910 538 1980 omniurn
561 1920 786 1977 commutare
808 1932 891 1978 curn
912 1909 1194 2004 vituperatione,

153 2013 206 2085 sine
220 2019 383 2115 quaestu?
402 2023 568 2115 Pergam,
584 2031 694 2114 atque
712 2021 883 2114 insequar
897 2019 1049 2114 longius⁸
1064 2022 1194 2117 Iniqua

152 2118 206 2221 lege
225 2129 428 2213 vendebas,
453 2154 529 2226 quo
556 2128 672 2226 pluris
697 2127 884 2198 venderes.
913 2131 1006 2214 Cur,
1029 2129 1104 2221 jam
1129 2129 1193 2200 ad·

152 2230 226 2308 dictis
245 2239 305 2311 et⁵
332 2240 488 2311 venditis
513 2239 693 2324 decumis,
716 2262 830 2334 quum
853 2237 927 2333 jam
947 2236 992 2307 ad
1015 2263 1194 2322 summam

151 2340 353 2421 decumarum
374 2351 484 2433 nihil,
504 2349 547 2420 ad
572 2365 677 2420 tuum
697 2363 876 2445 quaestum
895 2349 1052 2420 multum
1072 2366 1195 2448 posset

149 2461 307 2546 accedere,
329 2462 452 2533 subito
471 2476 582 2557 atque
596 2485 640 2530 ex
655 2475 821 2555 tempore
838 2484 932 2529 nova
952 2460 1193 2533 na'scebautur

149 2565 257 2643 edicta?
275 2598 359 2644 nam
386 2587 425 2642 ut
450 2571 695 2642 vadimonium
715 2567 938 2651 decumano,
957 2595 1193 2668 quocumque
1255 2594 1258 2599 ·

148 2672 167 2740 is
178 2681 291 2769 vellet,
305 2686 600 2780 promitteretur;
619 2695 660 2750 ut
674 2704 718 2749 ex
733 2704 834 2766 area,
853 2676 922 2751 uisi
935 2695 1063 2777 pactus
1080 2696 1192 2764 esset,

146 2803 238 2861 arator
253 2818 301 2863 ne
320 2793 478 2876 tolleret;
500 2807 542 2861 ut
565 2804 649 2863 ante
668 2789 809 2861 kalend.
830 2804 919 2863 sext.
944 2790 1113 2862 decumas
1132 2792 1193 2863 de-

144 2916 276 2987 portatas
305 2900 502 2972 haberot⁶z
529 2903 776 2987 haecomnia,
803 2899 979 2971 venditis7
1010 2893 1195 2988 decumis,

164 3113 212 3162 Π,
229 3131 251 3162 r.
264 3115 388 3161 Venerios.
403 3117 458 3164 Hoc
471 3115 571 3162 nomine
580 3115 630 3161 Vc·
713 3120 737 3167 t,
751 3112 865 3161 Gulielm.
885 3114 951 3172 conj.
963 3112 1025 3176 jura
1043 3117 1192 3166 communia.

140 3191 184 3238 ”tris
195 3194 339 3258 templorum
358 3194 461 3240 ministri
473 3192 630 3256 appellaban-
675 3194 690 3238 J
695 3226 700 3236 .
715 3192 746 3236 V.
762 3191 789 3236 L·

138 3264 171 3308 tur,
180 3263 213 3311 Dr
224 3264 264 3312 liis
277 3265 368 3329 sepius
377 3265 428 3323 J'un
440 3279 524 3312 sumus
533 3263 629 3328 loquuti
712 3269 735 3316 5.
754 3268 818 3316 de.
838 3286 875 3332 pr.
894 3272 1011 3319 omittunt
1032 3272 1137 3321 addictis
1156 3288 1191 3324 ee.

136 3340 307 3408 dutump.
324 3360 363 3404 17.
674 3351 698 3396 J.
711 3351 742 3394 V.
758 3350 785 3395 L.

158 3437 178 3471 a.
190 3423 261 3472 Beck.
274 3423 344 3472 elib.
364 3422 508 3481 Nannieno,
522 3422 629 3469 admini-
711 3428 735 3474 6,
752 3428 865 3474 liaberet.
880 3428 919 3474 Sic
931 3430 1028 3478 lli-nest.
1040 3431 1105 3478 Olim
1120 3454 1133 3473 ι
1143 3432 1188 3480 lu·

133 3505 212 3551 uass,
222 3503 256 3552 V.
267 3504 296 3550 L.
673 3503 797 3562 berentn,
817 3505 870 3552 scil.
886 3507 903 3552 ii
920 3509 963 3570 qui
978 3507 1092 3556 decumas
1114 3511 1188 3560 debe·

157 3583 179 3628 3.
193 3584 256 3632 Aliis
269 3583 345 3646 mgis
365 3582 446 3645 placet
459 3582 542 3629 iterata
552 3583 629 3628 inter·
674 3583 742 3632 baur.
768 3586 893 3646 Quorsum
920 3586 1040 3650 vulgatam
1068 3592 1191 3639 mutavit?

132 3663 222 3725 rogatio,
231 3678 281 3726 quo
288 3661 403 3709 modo...
413 3661 630 3722 essepraedatam?
674 3664 811 3726 Scriptores
822 3677 903 3713 rotem
914 3677 1007 3714 veteres
1020 3683 1032 3715 a
1046 3668 1136 3733 plurali
1149 3686 1191 3717 η-

131 3738 182 3789 tv,
192 3741 394 3806 h-Quomdo
406 3738 453 3786 loc
462 3739 630 3787 docesfflicet
674 3743 730 3806 piru
748 3743 780 3791 ad
796 3745 943 3808 singulam
956 3763 1086 3796 numerum
1103 3748 1190 3796 crebro

131 3818 210 3883 aliqui..
218 3821 314 3869 Eodem
327 3819 629 3882 modo,rcponitCicero,
675 3823 777 3871 transire
790 3824 874 3873 multis
886 3825 1012 3889 probetur.

130 3912 168 3959 quo
178 3899 252 3948 docui
263 3903 291 3949 iu
304 3898 416 3948 looendis
423 3897 535 3946 canoris
544 3898 629 3962 templi
711 3918 735 3962 7.
744 3904 846 3951 Hotom.
853 3920 884 3951 cx
893 3917 954 3954 vett.
964 3905 1039 3955 codd.
1053 3909 1119 3968 -J'rm
1131 3921 1190 3953 ren·

130 3977 235 4028 numu
248 3996 305 4030 euru
314 3977 460 4042 pmtnum.
473 3977 544 4026 Verr.
555 3980 576 4035 l,
587 3979 628 4034 tr.
674 3982 761 4029 dirim.
773 3983 858 4031 lamb.
873 3986 955 4033 θην.
969 3985 1066 4034 ullam.
1079 3997 1189 4050 rumpo

129 4053 207 4122 Nmpe
219 4075 292 4108 neno
304 4058 381 4120 gratis
391 4067 428 4105 ert
441 4056 577 4121 improbus.
675 4077 745 4109 sucre
759 4084 772 4103 ι
779 4062 888 4111 venditis
898 4066 949 4125 jum
956 4086 975 4113 n.
