2654 5220
555 419 819 489 sinorsm.
1190 440 1214 511 9

193 537 383 597 observarent
404 537 556 596 nedimere
570 550 667 597 autern
687 539 860 617 plerumque
881 534 1015 594 solebant
1033 535 1144 613 equites
1161 555 1214 594 ro-

193 635 274 707 mani,
286 634 357 691 alias
367 631 526 711 publicani,
535 634 559 692 si
569 632 706 693 decumas
716 631 1020 705 emissentdecumani
1029 631 1176 710 appellati,
1185 634 1215 692 6.

191 736 304 803 Verres,
319 742 381 789 tota
392 730 567 789 venditionis
580 731 692 790 ratione
707 732 768 790 sine
780 729 952 789 auctoritate
966 742 1080 787 senatus
1089 740 1212 799 mutata,

190 828 313 905 primum
327 840 423 885 certos
438 827 563 887 instituit
577 829 696 886 nomine
711 828 905 896 decumanos,
929 845 962 883 re
978 844 1047 884 vera
1066 824 1213 883 ministros

189 940 220 980 rc
232 924 372 981 satellites
386 922 577 1001 cupiditatum
591 943 723 997 suarum,
750 942 876 1001 quorum
894 922 925 980 in
940 939 1064 979 numero
1078 920 1214 998 princeps

189 1018 239 1077 luit
251 1019 403 1097 Apronius
413 1018 503 1077 homo
521 1021 688 1079 teterrimus
706 1042 712 1076 :
727 1020 784 1078 hoc
796 1018 871 1077 enim
885 1017 1008 1075 maxime
1023 1022 1131 1075 Verres
1146 1035 1215 1074 usus

188 1127 227 1172 est
240 1114 278 1172 ad
291 1115 423 1173 fortunas
433 1128 581 1175 aratorum
594 1115 740 1174 vexandas
754 1135 787 1174 ac
802 1113 996 1192 diripiendas,
1012 1133 1075 1189 7·9.
1085 1113 1214 1172 Primum

186 1215 291 1269 Verres
307 1210 434 1269 edictum
450 1211 550 1270 dedit:
567 1224 708 1290 quantum
723 1211 901 1270 decumanus
921 1208 1058 1267 edidisset
1070 1221 1214 1267 aratorem

187 1305 238 1367 sibi
260 1307 393 1366 decumae
407 1309 477 1367 dare
491 1323 645 1388 oportere,
670 1323 831 1369 attentum
849 1321 949 1367 arator
962 1307 1124 1365 decumano
1144 1305 1214 1364 dare

187 1501 322 1559 avaritiae.
334 1501 498 1560 Addiderat
508 1501 626 1580 quidem
636 1503 666 1561 in
681 1502 791 1573 edicto,
806 1523 836 1560 se
848 1502 879 1559 in
891 1500 1098 1571 decumanum,
1108 1497 1130 1554 si
1147 1498 1215 1576 plus

186 1597 345 1670 sustulerit,
359 1617 445 1675 quam
467 1597 600 1657 debitum
611 1600 664 1670 sit,
686 1599 716 1657 in
735 1599 886 1675 octuplum
900 1595 1043 1673 judicium
1057 1593 1213 1663 daturuin;

186 1696 234 1754 sed
255 1697 280 1755 si
297 1718 352 1755 usu
373 1699 518 1766 venisset,
536 1712 570 1756 ut
585 1712 683 1757 arator
701 1712 834 1778 posceret
847 1695 958 1774 octupli
974 1694 1105 1753 damnari
1116 1699 1214 1772 Apro-

186 1793 285 1865 nium,
303 1807 523 1872 recuperatores
536 1799 642 1853 Verres
662 1793 767 1868 dabat,
793 1795 830 1853 de
850 1794 970 1852 cohorte
991 1813 1059 1864 sua,
1086 1810 1212 1870 quorum

184 1888 291 1965 judicio
306 1903 435 1949 aratores
446 1891 533 1949 etiam
545 1892 575 1948 in
583 1892 741 1968 justissima
754 1911 841 1950 causa
853 1891 1005 1949 inferiores
1015 1887 1214 1961 discedebant,

190 1987 292 2044 ro-r3.
307 1986 446 2044 Edixerat
457 1987 542 2045 etiam
552 2008 589 2045 ne
602 1988 666 2062 quis
683 1989 860 2046 frumentum
874 1987 911 2045 dc
927 2006 995 2045 area
1009 1987 1125 2045 tolleret
1135 1999 1213 2056 aute,

186 2100 270 2157 quam
286 2100 354 2138 cum
371 2081 532 2140 decumano
548 2095 651 2160 pactus
663 2096 753 2150 esset,
771 2094 816 2148 rt.
832 2082 945 2140 Deinde
957 2095 990 2140 ut
1008 2095 1107 2139 arator
1122 2081 1210 2138 decu-

187 2194 278 2248 mano,
290 2195 351 2254 quo
366 2177 453 2235 vellet
463 2176 654 2249 decumanus,
673 2176 869 2235 vadimonium
882 2178 1075 2254 promitteret,
1085 2176 1137 2234 etsi
1150 2189 1212 2233 erat

187 2271 211 2328 in
224 2272 342 2349 juribus
353 2272 520 2332 Siculorum
534 2293 571 2332 ne
584 2287 666 2331 extra
681 2293 765 2331 suum
779 2273 875 2331 lorum
887 2272 1084 2330 vadimonium
1095 2272 1212 2350 promit-

187 2380 242 2426 tere
259 2382 449 2447 cogerentur,
467 2369 511 2427 15.
529 2375 596 2428 llaec
609 2369 704 2427 omnia
714 2375 835 2428 Verrem
851 2369 1009 2447 turpissimi
1028 2381 1154 2447 quaestus
1167 2369 1212 2426 sui

185 2482 266 2523 causa
280 2466 441 2523 instituisse
456 2467 652 2538 confirmatur,
671 2467 715 2524 16.
730 2472 766 2525 In
782 2487 841 2544 quo
856 2467 1018 2526 ostenditur
1033 2485 1137 2524 vanam
1151 2485 1212 2523 esse

185 2559 242 2635 ejus
253 2561 474 2638 gloriationem,
490 2582 520 2620 se
531 2580 635 2641 magno
650 2562 785 2621 decumas
800 2562 982 2635 vendidisse,
995 2563 1089 2621 etheo
1101 2562 1212 2619 ratione
1228 2589 1236 2602 ·

186 2651 256 2715 berre
270 2659 407 2716 meritum
422 2678 483 2716 esse
494 2658 532 2716 de
542 2661 645 2718 aerario
660 2661 764 2738 populi
777 2661 889 2717 romam
899 2682 907 2730 3
919 2660 1099 2737 provinciam
1115 2672 1210 2717 autem

185 2751 221 2810 sic
236 2754 324 2812 luisse
333 2755 396 2831 ejus
405 2755 541 2813 institutis
553 2755 733 2828 exhaustam,
747 2770 780 2815 ut
793 2775 942 2814 successor
953 2756 1088 2814 Metellus
1102 2768 1214 2833 peteret

186 2851 326 2922 aSiculis,
340 2864 372 2910 ut
382 2866 520 2925 sererent,
532 2868 562 2912 et
573 2868 705 2926 ararem,
717 2874 812 2931 neque
823 2867 918 2912 tamen
931 2854 1082 2930 antiquum
1092 2854 1210 2911 sationis

185 2946 301 3006 nodum
315 2949 430 3025 assequi
442 2963 552 3026 posset,
567 2951 620 3008 etsi
631 2951 693 3029 lege
706 2951 862 3008 Hieronica
875 2971 905 3008 se
919 2950 1068 3022 decumas,
1082 2963 1113 3008 ut
1128 2962 1212 3007 antea

185 3042 383 3113 venditurum,
395 3045 573 3104 ostendisset.
584 3048 703 3105 Nullum
714 3047 804 3124 igitur
814 3048 925 3125 populo
936 3066 1056 3106 romano
1067 3049 1180 3105 lucrum
1194 3068 1211 3105 e

185 3141 279 3197 Verris
296 3139 458 3198 rationibus
474 3143 639 3209 accessisse,
659 3143 814 3201 maximum
838 3163 908 3201 vero
925 3145 1020 3222 ipsum
1038 3163 1054 3200 e
1070 3143 1209 3221 depreda-

185 3233 259 3294 tione
269 3249 419 3294 aratorum
430 3251 571 3315 qnaestnm
586 3238 698 3310 secisse,
712 3260 812 3312 ¹7⁴0·
827 3245 890 3298 Jam
905 3252 1065 3318 sequuntur
1078 3241 1211 3317 exempla

187 3330 357 3409 injuriarum
370 3335 400 3391 iu
413 3335 525 3392 ratione
536 3337 734 3404 frumentaria,
745 3343 766 3392 1.
778 3338 915 3394 Privatim
927 3338 1046 3415 singulis
1056 3338 1211 3408 lactarum;

184 3427 230 3486 ubi
246 3443 384 3488 narratur
397 3432 513 3507 quidin
525 3431 729 3511 Nymphonem
740 3435 977 3511 Centuripinum,
993 3455 1039 3491 ar.
1055 3439 1087 3494 ln
1106 3439 1208 3496 Xeno-

183 3543 244 3582 nem
261 3531 437 3598 Menenum,
465 3547 512 3585 aa.
535 3533 569 3586 In
592 3530 811 3587 Polemarchum
828 3532 1044 3607 Murgentinum
1060 3534 1208 3611 aliosque,

182 3623 371 3693 commiserit,
385 3625 431 3679 23.
446 3628 547 3701 Neque
558 3643 630 3682 vero
643 3625 747 3684 Siculis
760 3627 843 3698 solis,
864 3626 1012 3684 sedetiam
1025 3628 1137 3686 civibus
1157 3648 1206 3685 ro-

181 3720 268 3777 manis
277 3732 309 3777 et
323 3719 471 3797 equitibus
485 3722 621 3780 infestum
636 3723 735 3793 fuisse,
751 3723 830 3800 quod
846 3725 1026 3801 potissimum
1040 3727 1206 3782 narratione

180 3810 215 3870 de
224 3817 257 3872 G
270 3816 410 3872 Matrinio
422 3821 498 3889 etQ.
515 3818 611 3875 Lollio
630 3821 826 3891 confirmatur,
842 3839 916 3896 quos
927 3819 1041 3896 injuriis
1055 3835 1086 3879 et
1098 3833 1206 3878 contn-

181 3910 270 3968 meliis
276 3911 381 3988 coegit,
388 3923 420 3968 ut
431 3913 467 3969 ad
478 3915 601 3990 Apronii
613 3915 689 3992 leges
700 3916 1090 3994 conditionesquevenirent‚
1101 3924 1148 3988 al,
1157 3918 1203 3975 25.

180 4007 229 4065 llis
240 4006 371 4066 breviter
380 4012 519 4088 repetitis,
536 4013 591 4081 26;
604 4027 774 4090 sequuntur,
786 4019 824 4087 11,
835 4015 958 4093 publicae
967 4017 1080 4092 injuriae
1092 4015 1120 4072 in
1136 4016 1205 4075 civi-

180 4114 248 4162 uses
267 4108 437 4166 commissas.
454 4108 501 4168 Ab
515 4111 743 4187 Agyrinensibus
759 4115 805 4186 vi,
826 4114 928 4186 minis,
951 4115 1073 4191 imperio
1095 4115 1204 4194 eripuit
