2670 4838
294 389 345 457 IN
370 389 590 457 VERREM
615 388 723 456 ACT.
747 387 806 473 11,
832 384 930 456 LIB.
952 390 1024 457 III.
1154 415 1196 487 sq

128 536 210 584 cum
228 511 453 582 lenocinium
473 508 619 580 videre?
641 510 714 598 Qui
735 509 929 605 religiones
950 509 1103 581 deorum
1128 516 1198 584 im·

128 623 335 695 mortalium
352 620 511 691 retinere
527 619 622 707 vult,
638 620 690 706 ei,
703 612 768 716 qui
781 616 864 689 fana
880 618 1042 716 spoliarit
1057 626 1199 709 omnia,

129 734 193 830 qui
209 757 255 804 ex
271 731 482 802 thermarum
495 724 648 800 orbitis⁵
661 727 816 827 praedari
828 730 876 799 sit
888 753 1016 816 ausus,
1032 733 1200 804 inimicus

130 867 207 917 nou
225 865 303 913 esse
321 843 384 938 qui
402 839 545 938 potest?
558 840 630 928 Qui
644 839 726 934 jure
739 861 845 934 aequo
859 862 988 908 omnes
1003 854 1108 936 putat
1123 866 1203 913 esse

130 966 322 1052 oportere,
340 951 371 1021 is
390 949 458 1020 tibi
478 974 555 1020 non
574 947 826 1020 infestissimus
845 950 908 1035 sit,
929 974 1045 1046 quum
1068 955 1203 1049 cogitet

131 1063 341 1134 varietatem
367 1057 629 1156 libidinemque
650 1058 882 1130 decretorum
903 1057 1105 1133 tuorum⁶l
1130 1066 1205 1152 Qui

131 1175 315 1245 sociorum
338 1171 500 1266 injuriis,
521 1171 864 1268 provinciarumque
884 1171 1125 1242 incommodis
1139 1174 1204 1243 do·

132 1285 224 1370 leat,
247 1284 277 1352 is
304 1285 341 1350 in
364 1295 402 1350 te
424 1304 502 1351 uon
524 1279 741 1377 expilatione
763 1281 870 1367 Asiae,
892 1282 1080 1353 vexatione
1100 1287 1204 1354 Pam·

133 1393 285 1490 phyliae,
306 1389 475 1486 squalore
498 1404 536 1460 et
556 1390 723 1487 lacrymis
743 1390 868 1461 Siciliae
890 1393 1113 1464 concitetur?
1133 1395 1207 1485 Qui

133 1505 267 1574 civium
285 1524 521 1570 romanorum
533 1500 615 1594 jura
628 1524 670 1571 ac
687 1499 890 1571 libertatem
903 1515 1086 1572 sanctam⁷
1107 1507 1206 1602 apud

135 1637 262 1684 omnes
278 1610 405 1682 haberi
420 1609 525 1698 velit,
542 1611 573 1681 is
587 1636 664 1681 non
681 1610 749 1682 tibi
766 1610 848 1707 plus
864 1614 995 1700 etiam,
1011 1636 1121 1709 quam
1140 1617 1208 1685 ini·

135 1726 251 1794 micus
266 1746 344 1792 esse
358 1719 507 1808 debeat,
525 1745 640 1817 quum
655 1735 716 1792 tua
730 1720 899 1808 verbera,
912 1747 1028 1819 quum
1043 1747 1208 1807 secures,

135 1856 251 1930 quum
277 1854 402 1902 cruces
426 1828 473 1900 ad
500 1832 633 1901 civium
657 1855 894 1902 romanorum
920 1834 1095 1930 supplicia
1120 1833 1209 1906 fixas

136 1940 373 2014 recordetur?
399 1945 476 2027 An,
495 1942 524 2011 si
544 1965 618 2038 qua
639 1944 677 2011 in
698 1966 739 2012 re
761 1957 888 2013 contra
909 1967 987 2013 rem
1009 1968 1128 2015 meam
1149 1946 1209 2017 de-

137 2067 271 2125 cresset
293 2050 603 2149 aliquidi‘njuria,
622 2051 704 2146 jure
721 2076 781 2122 me
799 2053 833 2122 ei
851 2054 1039 2127 inimicum
1059 2078 1136 2124 esse
1153 2079 1209 2124 ar·

138 2159 335 2250 bitrarer⁸;
364 2186 480 2259 quum
512 2163 633 2232 omnia
667 2176 794 2232 contra
829 2166 995 2233 omnium
1025 2163 1210 2237 bonorum

139 2299 236 2362 rem,
261 2297 427 2358 causam,
450 2273 650 2358 rationem,
676 2273 889 2360 utilitatem,
910 2272 1213 2373 voluntatemque

141 2383 282 2471 lecerit,
298 2383 450 2481 quaeris,
470 2406 537 2452 cur
555 2384 589 2453 ei
607 2383 674 2453 sim
691 2384 880 2469 inimicus,
899 2384 958 2453 cui
979 2385 1137 2481 populus
1152 2411 1212 2457 ro-

141 2518 269 2564 manus
285 2490 438 2563 infestus
456 2492 523 2563 sit?
541 2494 605 2589 qui
627 2493 825 2590 praesertim
847 2493 929 2588 plus
951 2495 1081 2583 etiam,
1101 2519 1212 2591 quam

142 2630 223 2702 pars
243 2603 355 2674 virilis
378 2603 572 2700 postulat9,
591 2627 660 2700 pro
682 2602 910 2673 voluntate¹⁰
929 2604 1057 2700 populi
1073 2609 1213 2675 romani

143 2717 261 2787 oneris
283 2739 325 2784 ac
346 2714 506 2784 muneris
529 2715 711 2810 suscipere
731 2711 894 2783 debeam.

190 2829 249 2895 lv.
273 2823 396 2914 Quid?
418 2823 519 2907 illa¹,
547 2848 630 2920 quae
661 2823 795 2893 leviora
824 2820 994 2892 videntur
1016 2847 1111 2911 esse,
1139 2850 1215 2896 non

143 3030 302 3096 perductores
310 3028 366 3076 illos
378 3028 468 3094 quibus
475 3027 506 3076 sd
516 3043 658 3094 oppugnan—
739 3045 762 3088 7.
777 3029 899 3076 Saresarr.
913 3028 1101 3090 Inviolabilem,
1119 3033 1214 3094 qualern

144 3109 197 3157 dsm
211 3106 356 3172 pudicitiam
375 3107 461 3155 utitur.
579 3100 582 3107 ¹
702 3112 754 3153 earn
762 3117 879 3170 prestant
887 3106 952 3170 leges
964 3110 1056 3157 Porciae
1069 3125 1092 3158 et
1104 3114 1223 3181 Sempro-x

179 3191 204 3237 5.
225 3188 268 3234 Ex
282 3186 421 3234 tlrerrsarum
441 3185 533 3234 orbitis.
551 3187 590 3233 Ex
605 3186 657 3245 vis,
702 3185 757 3234 niae.
767 3186 826 3233 vid.
840 3188 910 3235 Verr,
924 3189 955 3245 V,
970 3189 1012 3235 61.

143 3284 190 3331 qus
212 3267 317 3324 thensas,
331 3282 374 3312 seu
386 3266 448 3313 sacri
469 3281 568 3324 conus,
582 3263 658 3313 dedu·
738 3267 759 3312 8.
774 3268 875 3315 Hotom.
888 3278 913 3314 et
925 3267 1023 3316 Manet.
1035 3269 1193 3320 arbitrarere.

144 3357 244 3393 cuntur.
258 3343 353 3409 Nempe
365 3360 442 3410 quum
455 3346 544 3392 Verres
556 3344 583 3390 in
595 3360 659 3409 prae·
738 3361 763 3408 9.
777 3348 817 3393 Au
830 3345 956 3406 postidea?
974 3348 1070 3398 Emest.
1092 3351 1141 3398 Sed
1154 3353 1216 3401 nibil

145 3424 282 3482 turs,vism
293 3423 579 3488 inqusdeorumstatuae
591 3422 659 3471 then·
703 3439 775 3488 opus.
787 3422 885 3472 Schiitz.
921 3428 924 3433 ’
1119 3486 1121 3490 ¹

145 3508 177 3551 sis
193 3503 317 3568 impositse
335 3519 381 3566 per
397 3518 513 3568 pompam
536 3501 658 3549 duceban·
742 3518 780 3550 ro.
807 3506 856 3551 Pro
869 3503 1006 3551 voluntate.
1019 3505 1083 3567 Qni,
1100 3519 1128 3555 ut
1148 3510 1219 3558 obse·

145 3597 196 3641 tnr,
219 3581 354 3631 ornandam
373 3582 520 3640 curavisset,
535 3582 619 3646 irliqua
635 3591 660 3629 et
704 3598 765 3645 qusr
778 3581 899 3631 voluntati
914 3592 939 3629 et
954 3582 1038 3633 studio
1055 3586 1143 3649 populi
1155 3605 1218 3639 rom.

144 3661 258 3725 improbe
271 3662 366 3708 ratione
381 3660 510 3724 pecuniam
528 3660 586 3707 inde
604 3676 661 3708 coe-
706 3659 737 3707 de
751 3677 789 3708 me
804 3662 897 3726 optime
915 3663 1010 3722 meriti,
1023 3663 1081 3728 plus
1097 3669 1219 3732 suscipere

144 3743 190 3805 git,
213 3741 390 3789 Praedationem
404 3741 474 3787 istem
488 3740 566 3787 sosius
582 3739 661 3804 expli·
706 3738 807 3787 debeam
822 3756 894 3804 quam
908 3757 968 3789 mete
989 3743 1053 3789 vires
1065 3747 1199 3808 patiuntur.

144 3833 185 3868 est
199 3823 271 3868 Verr.
293 3822 319 3883 1,
336 3821 378 3882 59.
399 3820 490 3868 Confer
503 3819 576 3867 etiam
587 3820 658 3867 Verr.
741 3820 785 3866 IV.
802 3834 824 3866 1.
836 3819 918 3881 Quid?
930 3818 983 3869 ille.
999 3822 1112 3872 Ciceroni
1122 3815 1174 3873 nois
1183 3845 1221 3874 ss·

146 3900 179 3961 v,
192 3916 234 3959 7²·
706 3898 737 3945 tis
754 3911 791 3945 est
804 3897 938 3946 ostendisse
951 3902 1076 3951 Verresne
1094 3921 1120 3950 se
1134 3907 1221 3955 merito

181 3982 207 4030 6.
223 3982 380 4027 Decretorum
394 3990 497 4027 tuorum.
513 3982 575 4042 Quae
587 3993 616 4025 ex
623 3980 662 4039 ju·
706 3980 829 4034 accusari,
843 3979 891 4027 nisi
904 3980 976 4027 etism
987 3983 1160 4044 Hortensium,
1170 3987 1224 4033 Me.

144 4077 172 4107 re
186 4071 210 4107 et
227 4058 342 4125 equitate
354 4073 502 4122 numquam,
521 4073 616 4122 semper
631 4073 663 4105 ex
706 4056 778 4103 tellos
795 4073 823 4104 ao
843 4057 938 4105 nobiles
956 4071 1051 4125 ceteros
1069 4062 1151 4110 Verris
1171 4064 1222 4113 t‘sn·

145 4137 249 4189 libidine
268 4136 426 4201 descripsisti.
707 4146 771 4183 tores
788 4137 920 4191 contineat
930 4138 1080 4201 iniquitatis,
1094 4142 1162 4204 quod
1174 4143 1223 4191 bel.

1068 4251 1099 4294 2.
