2670 4838
298 361 354 429 ιιι
383 362 723 431 varunnam.
749 364 803 446 11,
829 340 919 430 mu.
947 363 1019 429 ιιι,
1148 359 1194 432 33

123 479 334 578 octuplum,
356 481 557 576 cujusmodi
576 483 678 553 istius
696 483 741 555 de
758 483 910 554 cohorte
924 496 1195 578 recuperatores

124 592 318 662 existimati
338 592 428 671 siut,
453 594 503 661 sic
522 592 708 664 attendite.
729 597 909 690 Ecquem¹
934 596 1067 688 putatis
1086 591 1195 664 dccu·

125 725 290 784 manum,
310 700 377 771 hac
393 701 537 772 licentia
554 705 743 800 permissa,
759 718 800 773 ut
818 718 960 773 tantum
974 700 1022 772 ab
1039 718 1196 790 aratore,

123 824 304 907 quantum
330 812 573 908 poposcisset,
595 809 772 899 auferret,
794 812 892 909 plus,
915 835 1026 909 quam
1046 811 1195 883 debera·

124 935 197 1009 tur,
218 924 449 1018 poposcisse?
470 921 703 994 Considerate
722 948 806 994 cum
826 925 953 992 vestris
969 923 1097 992 animis
1115 947 1196 993 vos·

124 1047 198 1102 met
225 1033 312 1128 ipsi,
341 1056 494 1129 ecquem
519 1037 674 1129 putetis,
701 1035 899 1130 praesertim
923 1057 1038 1128 quum
1061 1030 1098 1101 id
1120 1058 1196 1103 non

123 1140 244 1214 solum
265 1143 446 1228 avaritia²,
470 1142 532 1213 sed
553 1144 662 1212 etiam
682 1141 928 1239 imprudentia
949 1140 1111 1211 accidere
1131 1166 1196 1239 po-

125 1254 259 1324 tuerit:
280 1251 413 1322 multos
432 1276 578 1323 necesse
601 1268 665 1323 est.
687 1257 733 1323 At
753 1277 820 1348 ego
846 1276 971 1321 omnes
991 1252 1072 1320 dico
1094 1251 1197 1348 plus,

123 1387 162 1433 ac
183 1362 302 1432 multo
321 1362 419 1459 plus,
440 1381 548 1459 quam
564 1361 752 1445 decumas,
772 1361 971 1433 abstulisse.
990 1360 1090 1431 Cedo
1107 1361 1196 1430 mihi

122 1498 239 1543 uuum
253 1498 297 1544 ex
312 1474 468 1542 triennio
484 1486 646 1569 praetruae
662 1487 755 1560 tuae,
774 1474 838 1570 qui
853 1471 991 1568 octupli
1004 1469 1195 1542 damnatus

124 1588 190 1656 sit:
211 1584 425 1655 damnatus?
439 1585 512 1653 imo
527 1607 631 1667 vero,
652 1584 688 1652 in
704 1608 814 1680 quem
828 1581 1005 1676 judicium
1020 1606 1065 1652 ex
1078 1580 1197 1653 edicto

126 1711 187 1766 tuo
202 1693 426 1791 postulatum
441 1697 496 1762 sit.
516 1696 632 1763 Nemo
645 1707 721 1764 erat
734 1691 899 1764 videlicet
913 1706 1118 1778 aratorum,
1132 1698 1196 1789 qui

125 1805 295 1898 injuriam
313 1801 381 1873 sibi
401 1801 531 1873 factam
553 1805 657 1899 queri
677 1818 821 1902 posset:
845 1827 955 1873 nemo
975 1802 1196 1873 decumano-

124 1940 223 1997 rum,
242 1917 305 2010 qui
319 1938 433 2008 grano
450 1914 604 2012 amplius
618 1912 703 1996 sibi,
720 1939 831 2010 quam
847 1912 1054 1994 deberetur,
1069 1910 1194 1983 deberi

124 2024 310 2121 professus
330 2039 433 2094 esset.
459 2029 539 2094 lmo
560 2049 646 2095 vero
666 2041 811 2111 contra,
831 2021 994 2120 rapiebat
1017 2037 1053 2091 et
1071 2045 1196 2118 aspor-

125 2137 243 2220 tabat,
266 2149 444 2232 quantum
464 2159 652 2231 equoque
675 2133 837 2218 volebat,
860 2137 1059 2230 Apronium
1077 2135 1195 2203 omni·

124 2245 192 2318 bus
211 2259 333 2316 autem
354 2244 441 2314 locis
457 2261 616 2316 aratores
634 2245 777 2343 spoliati
795 2270 836 2314 ac
857 2247 973 2315 vexati
994 2242 1197 2339 quereban·
1246 2292 1247 2299 .

125 2372 204 2428 tur:
225 2381 347 2452 neque
371 2371 492 2427 tamen
519 2355 632 2426 ullum
650 2353 827 2450 judicium
844 2357 1044 2453 reperietur
1056 2351 1080 2422 ³.
1098 2352 1196 2444 Quid

124 2482 175 2538 est
193 2466 291 2537 hoc?
314 2480 368 2535 tot
388 2467 452 2534 viri
471 2464 601 2551 fortes,
623 2466 782 2547 honesti,
802 2468 968 2562 gratiosi,
990 2480 1043 2535 tot
1065 2465 1196 2550 Siculi,

124 2592 174 2648 tot
201 2579 344 2672 equites
369 2579 531 2664 romani,
560 2575 605 2647 ab
634 2601 708 2646 uno
733 2576 882 2647 homine
907 2577 1130 2673 nequissimo
1154 2601 1197 2647 ac

124 2687 334 2785 turpissimo
349 2685 437 2769 basi,
453 2712 600 2784 poenam
614 2686 771 2783 octupli,
785 2688 862 2759 sine
878 2686 949 2758 nlla
967 2685 1194 2758 dubitatione

124 2797 386 2877 commissam‘t,
410 2822 483 2866 non
503 2796 838 2894 persequebantur?
861 2822 941 2892 quae
967 2798 1096 2867 causa?
1115 2822 1196 2892 quae.

124 2907 213 2977 ratio
229 2907 309 2977 est?
323 2911 400 2978 Una
415 2905 493 2993 illa,
510 2905 669 3001 judices,
685 2930 796 3004 quam
815 2905 962 2978 videtis:
983 2904 1084 3003 quod
1098 2906 1195 2977 ultro

125 3019 239 3087 eriam
252 3015 375 3086 illusos
397 3043 435 3086 se
459 3033 494 3087 et
518 3013 664 3087 irrisos5
681 3016 726 3087 ab
743 3015 882 3110 judicio
904 3016 1124 3087 discessuros
1143 3020 1195 3086 vi·

124 3127 269 3198 debant.
290 3125 457 3196 Etenim⁰
477 3125 576 3222 quod
596 3142 689 3199 esset
706 3125 883 3221 judicium
904 3152 1018 3223 quum
1038 3154 1057 3197 e
1076 3131 1196 3198 Verris

151 3308 451 3370 Xll.r.Ecquem.Quam
461 3305 552 3353 multos
564 3305 639 3352 fuisse
684 3316 753 3368 peret
772 3304 935 3364 decumanus,
951 3305 994 3352 sed
1014 3308 1086 3354 etiam
1105 3305 1198 3370 impru-

124 3386 271 3434 decnmanos
295 3388 404 3449 putatis,
426 3388 469 3448 qui
487 3385 537 3432 bor.
556 3387 638 3431 Verris
684 3383 769 3432 denter
780 3395 804 3431 et
816 3401 859 3447 per
872 3399 977 3432 errorem
993 3385 1049 3448 plus
1060 3396 1161 3449 peteret.

124 3464 203 3512 edicto
216 3464 287 3519 freti,
299 3464 355 3527 plus
367 3481 440 3526 quam
454 3462 572 3511 deberent
585 3478 637 3510 ara·
720 3465 743 3510 3.
758 3464 904 3526 Reperietur.
924 3464 1012 3512 Nullus
1029 3465 1136 3521 exstitit,
1155 3469 1198 3530 qui

123 3553 186 3592 tores
200 3542 354 3591 abstulerint.
680 3543 775 3601 judicio
786 3545 817 3590 sit
829 3543 990 3592 decumanum
1001 3557 1171 3609 persequutus.

154 3641 181 3674 a.
201 3622 326 3670 Avaritia.
342 3623 407 3679 Alli,
431 3625 503 3670 «sine
520 3621 636 3676 avaritia,
717 3631 741 3677 t.
755 3624 923 3670 Commissum.
937 3625 1058 3673 Debitam.
1072 3628 1197 3690 Usurpato

122 3723 138 3750 s.
150 3720 175 3751 e.
190 3704 246 3752 sine
260 3703 412 3767 impudentia
423 3725 445 3749 n.
465 3701 580 3748 Nostram
592 3716 635 3746 au·
681 3702 1047 3764 apudJCtossrmu.Cl.Ve1-r.
1061 3708 1087 3763 1,
1103 3721 1145 3753 10.

120 3795 167 3830 tem
176 3783 311 3829 lectionem
321 3781 390 3828 dedit
401 3798 430 3829 ex
444 3782 503 3829 Met.
515 3791 539 3828 et
548 3784 634 3827 Franc.
718 3782 742 3827 5.
758 3783 852 3828 Irrisos.
866 3783 906 3830 sic
921 3785 990 3833 Man.
1007 3785 1032 3832 e't
1050 3786 1122 3832 Grut.
1138 3785 1199 3830 MSS

119 3863 197 3911 codd.
219 3864 290 3910 Grot.
304 3861 419 3924 probavit
438 3862 519 3908 Graev.
534 3869 559 3905 et
577 3861 634 3905 Ern.
682 3862 794 3908 nonnulli
811 3862 902 3910 habent
917 3863 1013 3917 irritos,
1031 3864 1098 3927 quod
1116 3852 1200 3910 ‹leten-

117 3957 181 4006 qnos
202 3940 300 4004 sequuti
320 3953 376 3988 runt
395 3941 468 3988 Beck.
490 3939 547 3986 Scb.
561 3938 637 3986 balle-
683 3939 719 3986 dit
735 3942 817 3989 Ursln.
833 3943 951 3991 Garatou.

115 4020 202 4068 mand.
218 4019 303 4066 Potuit
317 4017 384 4078 lieri,
399 4018 480 4082 inquit
493 4019 594 4075 Cicero,
612 4029 638 4065 ut
719 4020 744 4065 6.
770 4021 875 4068 Etenim.
900 4022 963 4069 Mira
985 4023 1096 4084 corrupti
1112 4020 1202 4081 judicii

115 4117 167 4147 non
179 4098 258 4146 modo
269 4098 370 4145 avaritia
382 4098 501 4162 impulsus
509 4097 565 4162 plus
578 4099 638 4144 acci·
684 4099 825 4162 descriptio.

223 4188 269 4254 ll.
302 4201 348 4246 Cic.
358 4217 414 4262 pars
430 4200 538 4247 secunda.
1063 4187 1083 4256 3
