<?xml version="1.0" encoding="UTF-8"?>
<!DOCTYPE html PUBLIC "-//W3C//DTD XHTML 1.0 Transitional//EN"
    "http://www.w3.org/TR/xhtml1/DTD/xhtml1-transitional.dtd">
<html xmlns="http://www.w3.org/1999/xhtml" xml:lang="en" lang="en">
 <head>
  <title>
</title>
<meta http-equiv="Content-Type" content="text/html;charset=utf-8" />
  <meta name='ocr-system' content='tesseract 3.04.00' />
  <meta name='ocr-capabilities' content='ocr_page ocr_carea ocr_par ocr_line ocrx_word'/>
</head>
<body>
  <div class='ocr_page' id='page_1' title='image "bibliothecaclas70lemagoog_0057.png"; bbox 0 0 2654 5220; ppageno 0'>
   <div class='ocr_carea' id='block_1_1' title="bbox 132 772 875 865">
    <p class='ocr_par' dir='ltr' id='par_1_1' title="bbox 132 772 875 865">
     <span class='ocr_line' id='line_1_1' title="bbox 132 772 875 865; baseline -0.009 -19"><span class='ocrx_word' id='word_1_1' title='bbox 132 783 179 865; x_wconf 70' lang='lat'><strong>44</strong></span> <span class='ocrx_word' id='word_1_2' title='bbox 454 779 507 847; x_wconf 84' lang='lat' dir='ltr'><strong>u.</strong></span> <span class='ocrx_word' id='word_1_3' title='bbox 529 779 566 843; x_wconf 83' lang='lat' dir='ltr'><strong>r.</strong></span> <span class='ocrx_word' id='word_1_4' title='bbox 595 772 875 844; x_wconf 74' lang='lat' dir='ltr'><strong>ciceronis</strong></span> 
     </span>
    </p>
   </div>
   <div class='ocr_carea' id='block_1_2' title="bbox 124 892 1148 3634">
    <p class='ocr_par' dir='ltr' id='par_1_2' title="bbox 124 892 1148 1982">
     <span class='ocr_line' id='line_1_2' title="bbox 129 892 1147 994; baseline -0.013 -23"><span class='ocrx_word' id='word_1_5' title='bbox 129 917 188 972; x_wconf 90' lang='lat' dir='ltr'><strong>tur</strong></span> <span class='ocrx_word' id='word_1_6' title='bbox 199 900 245 971; x_wconf 90' lang='lat' dir='ltr'><strong>ab</strong></span> <span class='ocrx_word' id='word_1_7' title='bbox 257 902 299 970; x_wconf 91' lang='lat' dir='ltr'><strong>iis</strong></span> <span class='ocrx_word' id='word_1_8' title='bbox 311 898 447 994; x_wconf 85' lang='lat' dir='ltr'><strong>palam,</strong></span> <span class='ocrx_word' id='word_1_9' title='bbox 460 921 619 992; x_wconf 91' lang='lat' dir='ltr'><strong>quorum</strong></span> <span class='ocrx_word' id='word_1_10' title='bbox 633 900 670 965; x_wconf 92' lang='lat' dir='ltr'><strong>in</strong></span> <span class='ocrx_word' id='word_1_11' title='bbox 682 893 780 965; x_wconf 86' lang='lat' dir='ltr'><strong>bona</strong></span> <span class='ocrx_word' id='word_1_12' title='bbox 793 892 1004 989; x_wconf 87' lang='lat' dir='ltr'><strong>liberosque</strong></span> <span class='ocrx_word' id='word_1_13' title='bbox 1016 912 1147 964; x_wconf 82' lang='lat' dir='ltr'><strong>summu</strong></span> 
     </span>
     <span class='ocr_line' id='line_1_3' title="bbox 127 1000 1147 1109; baseline -0.01 -29"><span class='ocrx_word' id='word_1_14' title='bbox 127 1011 320 1109; x_wconf 88' lang='lat' dir='ltr'><strong>imperium</strong></span> <span class='ocrx_word' id='word_1_15' title='bbox 344 1020 633 1102; x_wconf 82' lang='lat' dir='ltr'><strong>potestatemque</strong></span> <span class='ocrx_word' id='word_1_16' title='bbox 654 1004 816 1082; x_wconf 86' lang='lat' dir='ltr'><strong>haberet.</strong></span> <span class='ocrx_word' id='word_1_17' title='bbox 840 1007 957 1080; x_wconf 84' lang='lat' dir='ltr'><strong>Tanta</strong></span> <span class='ocrx_word' id='word_1_18' title='bbox 978 1003 1035 1072; x_wconf 85' lang='lat' dir='ltr'><strong>vis</strong></span> <span class='ocrx_word' id='word_1_19' title='bbox 1052 1000 1147 1072; x_wconf 86' lang='lat' dir='ltr'><strong>erati</strong></span> 
     </span>
     <span class='ocr_line' id='line_1_4' title="bbox 124 1114 1134 1216; baseline -0.013 -24"><span class='ocrx_word' id='word_1_20' title='bbox 124 1123 320 1216; x_wconf 78' lang='lat' dir='ltr'><strong>juniarum,</strong></span> <span class='ocrx_word' id='word_1_21' title='bbox 343 1131 384 1186; x_wconf 89' lang='lat' dir='ltr'><strong>ut</strong></span> <span class='ocrx_word' id='word_1_22' title='bbox 404 1116 570 1186; x_wconf 88' lang='lat' dir='ltr'><strong>homines</strong></span> <span class='ocrx_word' id='word_1_23' title='bbox 586 1114 730 1212; x_wconf 90' lang='lat' dir='ltr'><strong>quidvis</strong></span> <span class='ocrx_word' id='word_1_24' title='bbox 747 1115 911 1210; x_wconf 82' lang='lat' dir='ltr'><strong>perpeti,</strong></span> <span class='ocrx_word' id='word_1_25' title='bbox 930 1134 1045 1207; x_wconf 86' lang='lat' dir='ltr'><strong>quam</strong></span> <span class='ocrx_word' id='word_1_26' title='bbox 1060 1133 1134 1180; x_wconf 91' lang='lat' dir='ltr'><strong>non</strong></span> 
     </span>
     <span class='ocr_line' id='line_1_5' title="bbox 128 1220 1146 1322; baseline -0.01 -22"><span class='ocrx_word' id='word_1_27' title='bbox 128 1231 230 1301; x_wconf 88' lang='lat' dir='ltr'><strong>istius</strong></span> <span class='ocrx_word' id='word_1_28' title='bbox 247 1228 420 1322; x_wconf 85' lang='lat' dir='ltr'><strong>pravitate</strong></span> <span class='ocrx_word' id='word_1_29' title='bbox 441 1241 479 1296; x_wconf 90' lang='lat' dir='ltr'><strong>et</strong></span> <span class='ocrx_word' id='word_1_30' title='bbox 497 1225 639 1320; x_wconf 84' lang='lat' dir='ltr'><strong>injuriis</strong></span> <span class='ocrx_word' id='word_1_31' title='bbox 658 1223 848 1322; x_wconf 86' lang='lat' dir='ltr'><strong>deplorare</strong></span> <span class='ocrx_word' id='word_1_32' title='bbox 864 1235 901 1291; x_wconf 90' lang='lat' dir='ltr'><strong>et</strong></span> <span class='ocrx_word' id='word_1_33' title='bbox 916 1220 1098 1317; x_wconf 82' lang='lat' dir='ltr'><strong>conqueri</strong></span> <span class='ocrx_word' id='word_1_34' title='bbox 1112 1243 1146 1289; x_wconf 90' lang='lat' dir='ltr'><strong>m</strong></span> 
     </span>
     <span class='ocr_line' id='line_1_6' title="bbox 128 1333 1147 1431; baseline -0.009 -21"><span class='ocrx_word' id='word_1_35' title='bbox 128 1342 215 1410; x_wconf 93' lang='lat' dir='ltr'><strong>lent.</strong></span> <span class='ocrx_word' id='word_1_36' title='bbox 244 1340 342 1428; x_wconf 90' lang='lat' dir='ltr'><strong>Quas</strong></span> <span class='ocrx_word' id='word_1_37' title='bbox 369 1335 489 1406; x_wconf 80' lang='lat' dir='ltr'><strong>literas</strong></span> <span class='ocrx_word' id='word_1_38' title='bbox 517 1358 630 1431; x_wconf 92' lang='lat' dir='ltr'><strong>quum</strong></span> <span class='ocrx_word' id='word_1_39' title='bbox 661 1333 707 1404; x_wconf 90' lang='lat' dir='ltr'><strong>ad</strong></span> <span class='ocrx_word' id='word_1_40' title='bbox 738 1356 865 1404; x_wconf 88' lang='lat' dir='ltr'><strong>omnes</strong></span> <span class='ocrx_word' id='word_1_41' title='bbox 893 1333 1059 1403; x_wconf 86' lang='lat' dir='ltr'><strong>civitates</strong></span> <span class='ocrx_word' id='word_1_42' title='bbox 1087 1353 1147 1428; x_wconf 89' lang='lat' dir='ltr'><strong>pro</strong></span> 
     </span>
     <span class='ocr_line' id='line_1_7' title="bbox 128 1442 1147 1544; baseline -0.009 -26"><span class='ocrx_word' id='word_1_43' title='bbox 128 1444 337 1544; x_wconf 86' lang='lat' dir='ltr'><strong>suppliciter</strong></span> <span class='ocrx_word' id='word_1_44' title='bbox 363 1447 517 1517; x_wconf 87' lang='lat' dir='ltr'><strong>misisset</strong></span> <span class='ocrx_word' id='word_1_45' title='bbox 544 1442 729 1531; x_wconf 89' lang='lat' dir='ltr'><strong>Metellus;</strong></span> <span class='ocrx_word' id='word_1_46' title='bbox 751 1457 873 1515; x_wconf 83' lang='lat' dir='ltr'><strong>tamen</strong></span> <span class='ocrx_word' id='word_1_47' title='bbox 900 1442 1098 1537; x_wconf 85' lang='lat' dir='ltr'><strong>antiquum</strong></span> <span class='ocrx_word' id='word_1_48' title='bbox 1121 1463 1147 1509; x_wconf 86' lang='lat' dir='ltr'><strong>u</strong></span> 
     </span>
     <span class='ocr_line' id='line_1_8' title="bbox 127 1547 1147 1650; baseline -0.008 -23"><span class='ocrx_word' id='word_1_49' title='bbox 127 1555 216 1627; x_wconf 92' lang='lat' dir='ltr'><strong>dum</strong></span> <span class='ocrx_word' id='word_1_50' title='bbox 243 1555 390 1624; x_wconf 86' lang='lat' dir='ltr'><strong>sationis</strong></span> <span class='ocrx_word' id='word_1_51' title='bbox 416 1552 513 1623; x_wconf 88' lang='lat' dir='ltr'><strong>nulla</strong></span> <span class='ocrx_word' id='word_1_52' title='bbox 539 1577 584 1623; x_wconf 85' lang='lat' dir='ltr'><strong>ex</strong></span> <span class='ocrx_word' id='word_1_53' title='bbox 609 1565 710 1650; x_wconf 88' lang='lat' dir='ltr'><strong>parte</strong></span> <span class='ocrx_word' id='word_1_54' title='bbox 734 1553 900 1648; x_wconf 70' lang='lat' dir='ltr'><strong>assequil</strong></span> <span class='ocrx_word' id='word_1_55' title='bbox 924 1552 1073 1648; x_wconf 90' lang='lat' dir='ltr'><strong>potuit:</strong></span> <span class='ocrx_word' id='word_1_56' title='bbox 1096 1547 1147 1620; x_wconf 86' lang='lat' dir='ltr'><strong>dil</strong></span> 
     </span>
     <span class='ocr_line' id='line_1_9' title="bbox 129 1658 1148 1762; baseline -0.007 -27"><span class='ocrx_word' id='word_1_57' title='bbox 129 1677 256 1762; x_wconf 82' lang='lat' dir='ltr'><strong>gerant</strong></span> <span class='ocrx_word' id='word_1_58' title='bbox 276 1664 373 1735; x_wconf 91' lang='lat' dir='ltr'><strong>enim</strong></span> <span class='ocrx_word' id='word_1_59' title='bbox 393 1658 580 1761; x_wconf 82' lang='lat' dir='ltr'><strong>permulti,</strong></span> <span class='ocrx_word' id='word_1_60' title='bbox 595 1663 632 1732; x_wconf 91' lang='lat' dir='ltr'><strong>id</strong></span> <span class='ocrx_word' id='word_1_61' title='bbox 651 1662 750 1760; x_wconf 92' lang='lat' dir='ltr'><strong>quod</strong></span> <span class='ocrx_word' id='word_1_62' title='bbox 766 1659 979 1746; x_wconf 67' lang='lat' dir='ltr'><strong>ostendam</strong></span> <span class='ocrx_word' id='word_1_63' title='bbox 993 1683 1073 1731; x_wconf 89' lang='lat' dir='ltr'><strong>non</strong></span> <span class='ocrx_word' id='word_1_64' title='bbox 1085 1659 1148 1732; x_wconf 84' lang='lat' dir='ltr'><strong>soli</strong></span> 
     </span>
     <span class='ocr_line' id='line_1_10' title="bbox 130 1769 1147 1870; baseline -0.003 -26"><span class='ocrx_word' id='word_1_65' title='bbox 130 1777 328 1862; x_wconf 86' lang='lat' dir='ltr'><strong>arationes,</strong></span> <span class='ocrx_word' id='word_1_66' title='bbox 348 1774 409 1844; x_wconf 89' lang='lat' dir='ltr'><strong>sed</strong></span> <span class='ocrx_word' id='word_1_67' title='bbox 430 1776 536 1844; x_wconf 88' lang='lat' dir='ltr'><strong>etiam</strong></span> <span class='ocrx_word' id='word_1_68' title='bbox 557 1774 664 1844; x_wconf 85' lang='lat' dir='ltr'><strong>sedes</strong></span> <span class='ocrx_word' id='word_1_69' title='bbox 679 1798 760 1845; x_wconf 89' lang='lat' dir='ltr'><strong>suas</strong></span> <span class='ocrx_word' id='word_1_70' title='bbox 777 1772 924 1870; x_wconf 87' lang='lat' dir='ltr'><strong>patrias,</strong></span> <span class='ocrx_word' id='word_1_71' title='bbox 943 1773 1049 1842; x_wconf 87' lang='lat' dir='ltr'><strong>istius</strong></span> <span class='ocrx_word' id='word_1_72' title='bbox 1064 1769 1147 1865; x_wconf 81' lang='lat' dir='ltr'><strong>injus</strong></span> 
     </span>
     <span class='ocr_line' id='line_1_11' title="bbox 130 1885 1036 1982; baseline 0.003 -28"><span class='ocrx_word' id='word_1_73' title='bbox 130 1885 316 1980; x_wconf 84' lang='lat' dir='ltr'><strong>exagitati,</strong></span> <span class='ocrx_word' id='word_1_74' title='bbox 335 1885 569 1982; x_wconf 72' lang='lat' dir='ltr'><strong>reliquerant.</strong></span> <span class='ocrx_word' id='word_1_75' title='bbox 1031 1950 1036 1957; x_wconf 92' lang='lat'><strong>.</strong></span> 
     </span>
    </p>

    <p class='ocr_par' dir='ltr' id='par_1_3' title="bbox 131 1989 1148 3634">
     <span class='ocr_line' id='line_1_12' title="bbox 179 1989 1147 2089; baseline -0.003 -25"><span class='ocrx_word' id='word_1_76' title='bbox 179 1996 261 2064; x_wconf 89' lang='lat' dir='ltr'><strong>Non</strong></span> <span class='ocrx_word' id='word_1_77' title='bbox 280 1993 487 2068; x_wconf 88' lang='lat' dir='ltr'><strong>mehercule</strong></span> <span class='ocrx_word' id='word_1_78' title='bbox 508 1995 667 2064; x_wconf 90' lang='lat' dir='ltr'><strong>criminis</strong></span> <span class='ocrx_word' id='word_1_79' title='bbox 686 1992 841 2089; x_wconf 83' lang='lat' dir='ltr'><strong>augendi</strong></span> <span class='ocrx_word' id='word_1_80' title='bbox 863 2015 970 2063; x_wconf 86' lang='lat' dir='ltr'><strong>causa</strong></span> <span class='ocrx_word' id='word_1_81' title='bbox 990 1989 1147 2084; x_wconf 77' lang='lat' dir='ltr'><strong>dioem‚j</strong></span> 
     </span>
     <span class='ocr_line' id='line_1_13' title="bbox 131 2101 1147 2202; baseline -0.003 -29"><span class='ocrx_word' id='word_1_82' title='bbox 131 2101 247 2191; x_wconf 84' lang='lat' dir='ltr'><strong>dices3</strong></span> <span class='ocrx_word' id='word_1_83' title='bbox 261 2101 342 2189; x_wconf 91' lang='lat' dir='ltr'><strong>sed,</strong></span> <span class='ocrx_word' id='word_1_84' title='bbox 358 2128 468 2200; x_wconf 87' lang='lat' dir='ltr'><strong>quem</strong></span> <span class='ocrx_word' id='word_1_85' title='bbox 481 2107 604 2200; x_wconf 88' lang='lat' dir='ltr'><strong>accepi</strong></span> <span class='ocrx_word' id='word_1_86' title='bbox 615 2106 692 2202; x_wconf 89' lang='lat' dir='ltr'><strong>ipse</strong></span> <span class='ocrx_word' id='word_1_87' title='bbox 705 2103 820 2174; x_wconf 89' lang='lat' dir='ltr'><strong>oculis</strong></span> <span class='ocrx_word' id='word_1_88' title='bbox 832 2104 1031 2198; x_wconf 84' lang='lat' dir='ltr'><strong>animoque</strong></span> <span class='ocrx_word' id='word_1_89' title='bbox 1041 2124 1147 2173; x_wconf 90' lang='lat' dir='ltr'><strong>sensu</strong></span> 
     </span>
     <span class='ocr_line' id='line_1_14' title="bbox 132 2211 1147 2310; baseline -0.001 -28"><span class='ocrx_word' id='word_1_90' title='bbox 132 2212 231 2283; x_wconf 89' lang='lat' dir='ltr'><strong>hunc</strong></span> <span class='ocrx_word' id='word_1_91' title='bbox 249 2235 332 2283; x_wconf 90' lang='lat' dir='ltr'><strong>vere</strong></span> <span class='ocrx_word' id='word_1_92' title='bbox 351 2212 448 2310; x_wconf 91' lang='lat' dir='ltr'><strong>apud</strong></span> <span class='ocrx_word' id='word_1_93' title='bbox 466 2237 550 2297; x_wconf 86' lang='lat' dir='ltr'><strong>vos,</strong></span> <span class='ocrx_word' id='word_1_94' title='bbox 567 2227 621 2300; x_wconf 88' lang='lat' dir='ltr'><strong>et,</strong></span> <span class='ocrx_word' id='word_1_95' title='bbox 642 2228 682 2283; x_wconf 90' lang='lat' dir='ltr'><strong>ut</strong></span> <span class='ocrx_word' id='word_1_96' title='bbox 699 2226 849 2310; x_wconf 90' lang='lat' dir='ltr'><strong>potero,</strong></span> <span class='ocrx_word' id='word_1_97' title='bbox 866 2211 1075 2308; x_wconf 87' lang='lat' dir='ltr'><strong>planissime</strong></span> <span class='ocrx_word' id='word_1_98' title='bbox 1091 2232 1147 2308; x_wconf 75' lang='lat' dir='ltr'><strong>exp</strong></span> 
     </span>
     <span class='ocr_line' id='line_1_15' title="bbox 133 2317 1147 2420; baseline -0.001 -28"><span class='ocrx_word' id='word_1_99' title='bbox 133 2348 229 2393; x_wconf 91' lang='lat' dir='ltr'><strong>nam.</strong></span> <span class='ocrx_word' id='word_1_100' title='bbox 248 2326 359 2409; x_wconf 86' lang='lat' dir='ltr'><strong>Nam,</strong></span> <span class='ocrx_word' id='word_1_101' title='bbox 377 2347 491 2419; x_wconf 89' lang='lat' dir='ltr'><strong>quum</strong></span> <span class='ocrx_word' id='word_1_102' title='bbox 514 2321 755 2419; x_wconf 89' lang='lat' dir='ltr'><strong>quadriennio</strong></span> <span class='ocrx_word' id='word_1_103' title='bbox 778 2317 885 2420; x_wconf 84' lang='lat' dir='ltr'><strong>post⁵</strong></span> <span class='ocrx_word' id='word_1_104' title='bbox 904 2320 943 2391; x_wconf 89' lang='lat' dir='ltr'><strong>in</strong></span> <span class='ocrx_word' id='word_1_105' title='bbox 961 2320 1120 2395; x_wconf 84' lang='lat' dir='ltr'><strong>Siciliam</strong></span> <span class='ocrx_word' id='word_1_106' title='bbox 1138 2343 1147 2377; x_wconf 71' lang='lat' dir='ltr'><strong>t</strong></span> 
     </span>
     <span class='ocr_line' id='line_1_16' title="bbox 132 2429 1147 2519; baseline -0.002 -17"><span class='ocrx_word' id='word_1_107' title='bbox 132 2434 285 2519; x_wconf 89' lang='lat' dir='ltr'><strong>nissem,</strong></span> <span class='ocrx_word' id='word_1_108' title='bbox 306 2434 357 2503; x_wconf 89' lang='lat' dir='ltr'><strong>sic</strong></span> <span class='ocrx_word' id='word_1_109' title='bbox 375 2432 465 2505; x_wconf 89' lang='lat' dir='ltr'><strong>mihi</strong></span> <span class='ocrx_word' id='word_1_110' title='bbox 485 2430 611 2504; x_wconf 83' lang='lat' dir='ltr'><strong>aflecta</strong></span> <span class='ocrx_word' id='word_1_111' title='bbox 628 2433 703 2506; x_wconf 90' lang='lat' dir='ltr'><strong>visa</strong></span> <span class='ocrx_word' id='word_1_112' title='bbox 719 2446 793 2519; x_wconf 91' lang='lat' dir='ltr'><strong>est,</strong></span> <span class='ocrx_word' id='word_1_113' title='bbox 811 2447 852 2502; x_wconf 92' lang='lat' dir='ltr'><strong>ut</strong></span> <span class='ocrx_word' id='word_1_114' title='bbox 873 2431 928 2508; x_wconf 79' lang='lat' dir='ltr'><strong>hae</strong></span> <span class='ocrx_word' id='word_1_115' title='bbox 949 2445 1059 2503; x_wconf 79' lang='lat' dir='ltr'><strong>terrae·</strong></span> <span class='ocrx_word' id='word_1_116' title='bbox 1071 2429 1147 2501; x_wconf 84' lang='lat' dir='ltr'><strong>sole</strong></span> 
     </span>
     <span class='ocr_line' id='line_1_17' title="bbox 134 2541 1147 2639; baseline -0.001 -28"><span class='ocrx_word' id='word_1_117' title='bbox 134 2544 171 2612; x_wconf 88' lang='lat' dir='ltr'><strong>in</strong></span> <span class='ocrx_word' id='word_1_118' title='bbox 193 2541 327 2639; x_wconf 92' lang='lat' dir='ltr'><strong>quibus</strong></span> <span class='ocrx_word' id='word_1_119' title='bbox 351 2542 487 2619; x_wconf 88' lang='lat' dir='ltr'><strong>bellum</strong></span> <span class='ocrx_word' id='word_1_120' title='bbox 515 2543 686 2614; x_wconf 89' lang='lat' dir='ltr'><strong>acerbum</strong></span> <span class='ocrx_word' id='word_1_121' title='bbox 708 2542 999 2638; x_wconf 89' lang='lat' dir='ltr'><strong>diuturnumque</strong></span> <span class='ocrx_word' id='word_1_122' title='bbox 1021 2553 1147 2613; x_wconf 76' lang='lat' dir='ltr'><strong>versati</strong></span> 
     </span>
     <span class='ocr_line' id='line_1_18' title="bbox 134 2651 1147 2752; baseline 0.001 -29"><span class='ocrx_word' id='word_1_123' title='bbox 134 2667 198 2723; x_wconf 90' lang='lat' dir='ltr'><strong>est.</strong></span> <span class='ocrx_word' id='word_1_124' title='bbox 229 2657 331 2749; x_wconf 86' lang='lat' dir='ltr'><strong>Quos</strong></span> <span class='ocrx_word' id='word_1_125' title='bbox 361 2679 429 2751; x_wconf 78' lang='lat' dir='ltr'><strong>ego</strong></span> <span class='ocrx_word' id='word_1_126' title='bbox 456 2678 601 2752; x_wconf 89' lang='lat' dir='ltr'><strong>campos</strong></span> <span class='ocrx_word' id='word_1_127' title='bbox 629 2668 733 2724; x_wconf 91' lang='lat' dir='ltr'><strong>antea</strong></span> <span class='ocrx_word' id='word_1_128' title='bbox 760 2654 942 2750; x_wconf 89' lang='lat' dir='ltr'><strong>collesque</strong></span> <span class='ocrx_word' id='word_1_129' title='bbox 969 2651 1147 2724; x_wconf 89' lang='lat' dir='ltr'><strong>nitidissin</strong></span> 
     </span>
     <span class='ocr_line' id='line_1_19' title="bbox 134 2763 1144 2860; baseline 0.005 -30"><span class='ocrx_word' id='word_1_130' title='bbox 134 2763 439 2860; x_wconf 86' lang='lat' dir='ltr'><strong>viridissimosque</strong></span> <span class='ocrx_word' id='word_1_131' title='bbox 466 2764 652 2848; x_wconf 88' lang='lat' dir='ltr'><strong>vidissem,</strong></span> <span class='ocrx_word' id='word_1_132' title='bbox 679 2765 746 2834; x_wconf 93' lang='lat' dir='ltr'><strong>hos</strong></span> <span class='ocrx_word' id='word_1_133' title='bbox 774 2768 824 2834; x_wconf 91' lang='lat' dir='ltr'><strong>ita</strong></span> <span class='ocrx_word' id='word_1_134' title='bbox 849 2778 1003 2834; x_wconf 87' lang='lat' dir='ltr'><strong>vastatos</strong></span> <span class='ocrx_word' id='word_1_135' title='bbox 1025 2789 1144 2850; x_wconf 85' lang='lat' dir='ltr'><strong>nunc,</strong></span> 
     </span>
     <span class='ocr_line' id='line_1_20' title="bbox 135 2872 1144 2973; baseline 0.002 -31"><span class='ocrx_word' id='word_1_136' title='bbox 135 2872 295 2944; x_wconf 88' lang='lat' dir='ltr'><strong>desertos</strong></span> <span class='ocrx_word' id='word_1_137' title='bbox 316 2873 501 2962; x_wconf 89' lang='lat' dir='ltr'><strong>videbam,</strong></span> <span class='ocrx_word' id='word_1_138' title='bbox 525 2891 566 2945; x_wconf 90' lang='lat' dir='ltr'><strong>ut</strong></span> <span class='ocrx_word' id='word_1_139' title='bbox 586 2900 671 2973; x_wconf 85' lang='lat' dir='ltr'><strong>ager</strong></span> <span class='ocrx_word' id='word_1_140' title='bbox 690 2877 767 2972; x_wconf 88' lang='lat' dir='ltr'><strong>ipse</strong></span> <span class='ocrx_word' id='word_1_141' title='bbox 785 2874 962 2944; x_wconf 89' lang='lat' dir='ltr'><strong>cultorem</strong></span> <span class='ocrx_word' id='word_1_142' title='bbox 980 2872 1144 2954; x_wconf 81' lang='lat' dir='ltr'><strong>desidem</strong></span> 
     </span>
     <span class='ocr_line' id='line_1_21' title="bbox 135 2981 1147 3082; baseline 0 -27"><span class='ocrx_word' id='word_1_143' title='bbox 135 3008 175 3055; x_wconf 91' lang='lat' dir='ltr'><strong>ac</strong></span> <span class='ocrx_word' id='word_1_144' title='bbox 194 2984 317 3082; x_wconf 85' lang='lat' dir='ltr'><strong>lugere</strong></span> <span class='ocrx_word' id='word_1_145' title='bbox 335 2985 525 3058; x_wconf 91' lang='lat' dir='ltr'><strong>dominum</strong></span> <span class='ocrx_word' id='word_1_146' title='bbox 542 2987 736 3058; x_wconf 91' lang='lat' dir='ltr'><strong>videretur.</strong></span> <span class='ocrx_word' id='word_1_147' title='bbox 756 2983 981 3057; x_wconf 88' lang='lat' dir='ltr'><strong>Herbitensis</strong></span> <span class='ocrx_word' id='word_1_148' title='bbox 993 3008 1078 3079; x_wconf 87' lang='lat' dir='ltr'><strong>ager</strong></span> <span class='ocrx_word' id='word_1_149' title='bbox 1086 2981 1114 3070; x_wconf 82' lang='lat'><strong>⁶,</strong></span> <span class='ocrx_word' id='word_1_150' title='bbox 1132 2988 1147 3055; x_wconf 92' lang='lat' dir='ltr'><strong>l</strong></span> 
     </span>
     <span class='ocr_line' id='line_1_22' title="bbox 136 3088 1147 3193; baseline -0.002 -28"><span class='ocrx_word' id='word_1_151' title='bbox 136 3097 271 3180; x_wconf 87' lang='lat' dir='ltr'><strong>nensis,</strong></span> <span class='ocrx_word' id='word_1_152' title='bbox 285 3099 570 3193; x_wconf 60' lang='lat' dir='ltr'><strong>Morgantinuffi,</strong></span> <span class='ocrx_word' id='word_1_153' title='bbox 586 3099 793 3182; x_wconf 86' lang='lat' dir='ltr'><strong>Assoriuus,</strong></span> <span class='ocrx_word' id='word_1_154' title='bbox 806 3088 1101 3177; x_wconf 71' lang='lat' dir='ltr'><strong>Imacharensist,</strong></span> <span class='ocrx_word' id='word_1_155' title='bbox 1115 3096 1147 3163; x_wconf 76' lang='lat' dir='ltr'><strong>il</strong></span> 
     </span>
     <span class='ocr_line' id='line_1_23' title="bbox 137 3205 1147 3301; baseline -0.003 -27"><span class='ocrx_word' id='word_1_156' title='bbox 137 3205 308 3291; x_wconf 89' lang='lat' dir='ltr'><strong>rinensis‚</strong></span> <span class='ocrx_word' id='word_1_157' title='bbox 334 3209 382 3276; x_wconf 88' lang='lat' dir='ltr'><strong>ita</strong></span> <span class='ocrx_word' id='word_1_158' title='bbox 408 3205 552 3277; x_wconf 89' lang='lat' dir='ltr'><strong>relictus</strong></span> <span class='ocrx_word' id='word_1_159' title='bbox 577 3221 653 3277; x_wconf 88' lang='lat' dir='ltr'><strong>erat</strong></span> <span class='ocrx_word' id='word_1_160' title='bbox 680 3232 723 3276; x_wconf 85' lang='lat' dir='ltr'><strong>ex</strong></span> <span class='ocrx_word' id='word_1_161' title='bbox 749 3206 902 3276; x_wconf 87' lang='lat' dir='ltr'><strong>maxima</strong></span> <span class='ocrx_word' id='word_1_162' title='bbox 926 3218 1046 3301; x_wconf 89' lang='lat' dir='ltr'><strong>parte,</strong></span> <span class='ocrx_word' id='word_1_163' title='bbox 1069 3218 1147 3273; x_wconf 87' lang='lat' dir='ltr'><strong>utr</strong></span> 
     </span>
     <span class='ocr_line' id='line_1_24' title="bbox 136 3309 1148 3413; baseline -0.003 -29"><span class='ocrx_word' id='word_1_164' title='bbox 136 3315 252 3386; x_wconf 90' lang='lat' dir='ltr'><strong>solum</strong></span> <span class='ocrx_word' id='word_1_165' title='bbox 265 3317 432 3413; x_wconf 83' lang='lat' dir='ltr'><strong>jugerum</strong></span> <span class='ocrx_word' id='word_1_166' title='bbox 443 3329 471 3404; x_wconf 87' lang='lat'><strong>9,</strong></span> <span class='ocrx_word' id='word_1_167' title='bbox 489 3316 552 3388; x_wconf 90' lang='lat' dir='ltr'><strong>sed</strong></span> <span class='ocrx_word' id='word_1_168' title='bbox 567 3319 675 3387; x_wconf 86' lang='lat' dir='ltr'><strong>etiam</strong></span> <span class='ocrx_word' id='word_1_169' title='bbox 688 3316 920 3386; x_wconf 92' lang='lat' dir='ltr'><strong>dominorum</strong></span> <span class='ocrx_word' id='word_1_170' title='bbox 934 3309 1148 3383; x_wconf 89' lang='lat' dir='ltr'><strong>multitudin</strong></span> 
     </span>
     <span class='ocr_line' id='line_1_25' title="bbox 136 3422 1147 3523; baseline -0.001 -28"><span class='ocrx_word' id='word_1_171' title='bbox 136 3449 390 3522; x_wconf 77' lang='lat' dir='ltr'><strong>quaereremus.</strong></span> <span class='ocrx_word' id='word_1_172' title='bbox 423 3427 602 3497; x_wconf 83' lang='lat' dir='ltr'><strong>AEtueusis</strong></span> <span class='ocrx_word' id='word_1_173' title='bbox 630 3450 715 3496; x_wconf 91' lang='lat' dir='ltr'><strong>vero</strong></span> <span class='ocrx_word' id='word_1_174' title='bbox 746 3450 846 3523; x_wconf 85' lang='lat' dir='ltr'><strong>ager,</strong></span> <span class='ocrx_word' id='word_1_175' title='bbox 875 3425 939 3521; x_wconf 91' lang='lat' dir='ltr'><strong>qui</strong></span> <span class='ocrx_word' id='word_1_176' title='bbox 964 3422 1105 3503; x_wconf 89' lang='lat' dir='ltr'><strong>solebat</strong></span> <span class='ocrx_word' id='word_1_177' title='bbox 1132 3447 1147 3494; x_wconf 89' lang='lat' dir='ltr'><strong>e</strong></span> 
     </span>
     <span class='ocr_line' id='line_1_26' title="bbox 136 3532 1147 3634; baseline -0.003 -29"><span class='ocrx_word' id='word_1_178' title='bbox 136 3533 368 3623; x_wconf 83' lang='lat' dir='ltr'><strong>cultissimus,</strong></span> <span class='ocrx_word' id='word_1_179' title='bbox 383 3550 437 3623; x_wconf 84' lang='lat' dir='ltr'><strong>et,</strong></span> <span class='ocrx_word' id='word_1_180' title='bbox 457 3537 556 3632; x_wconf 88' lang='lat' dir='ltr'><strong>quod</strong></span> <span class='ocrx_word' id='word_1_181' title='bbox 574 3551 683 3634; x_wconf 91' lang='lat' dir='ltr'><strong>caput</strong></span> <span class='ocrx_word' id='word_1_182' title='bbox 698 3549 752 3607; x_wconf 92' lang='lat' dir='ltr'><strong>est</strong></span> <span class='ocrx_word' id='word_1_183' title='bbox 767 3537 819 3607; x_wconf 91' lang='lat' dir='ltr'><strong>rei</strong></span> <span class='ocrx_word' id='word_1_184' title='bbox 833 3532 1094 3621; x_wconf 72' lang='lat' dir='ltr'><strong>frumentariae,</strong></span> <span class='ocrx_word' id='word_1_185' title='bbox 1111 3556 1147 3603; x_wconf 86' lang='lat' dir='ltr'><strong>oa</strong></span> 
     </span>
    </p>
   </div>
   <div class='ocr_carea' id='block_1_3' title="bbox 61 3696 1147 4560">
    <p class='ocr_par' dir='ltr' id='par_1_4' title="bbox 61 3696 1147 4560">
     <span class='ocr_line' id='line_1_27' title="bbox 61 3696 1147 3768; baseline -0.001 -20"><span class='ocrx_word' id='word_1_186' title='bbox 61 3697 63 3701; x_wconf 74' lang='grc'><strong>’</strong></span> <span class='ocrx_word' id='word_1_187' title='bbox 136 3711 186 3748; x_wconf 81' lang='lat' dir='ltr'><strong>arte</strong></span> <span class='ocrx_word' id='word_1_188' title='bbox 199 3712 353 3763; x_wconf 84' lang='lat' dir='ltr'><strong>commonet,</strong></span> <span class='ocrx_word' id='word_1_189' title='bbox 371 3702 494 3750; x_wconf 82' lang='lat' dir='ltr'><strong>homiuem</strong></span> <span class='ocrx_word' id='word_1_190' title='bbox 516 3699 564 3749; x_wconf 85' lang='lat' dir='ltr'><strong>lam</strong></span> <span class='ocrx_word' id='word_1_191' title='bbox 583 3718 647 3750; x_wconf 89' lang='lat' dir='ltr'><strong>com·</strong></span> <span class='ocrx_word' id='word_1_192' title='bbox 691 3718 743 3751; x_wconf 87' lang='lat' dir='ltr'><strong>esse</strong></span> <span class='ocrx_word' id='word_1_193' title='bbox 757 3701 834 3749; x_wconf 87' lang='lat' dir='ltr'><strong>videri</strong></span> <span class='ocrx_word' id='word_1_194' title='bbox 855 3711 967 3768; x_wconf 76' lang='lat' dir='ltr'><strong>poterat,</strong></span> <span class='ocrx_word' id='word_1_195' title='bbox 984 3698 1053 3763; x_wconf 91' lang='lat' dir='ltr'><strong>quod</strong></span> <span class='ocrx_word' id='word_1_196' title='bbox 1070 3696 1125 3766; x_wconf 76' lang='lat' dir='ltr'><strong>jam</strong></span> <span class='ocrx_word' id='word_1_197' title='bbox 1145 3722 1147 3740; x_wconf 81' lang='grc' dir='ltr'>ι</span> 
     </span>
     <span class='ocr_line' id='line_1_28' title="bbox 134 3778 1144 3845; baseline -0.002 -17"><span class='ocrx_word' id='word_1_198' title='bbox 134 3780 204 3828; x_wconf 87' lang='lat' dir='ltr'><strong>muni</strong></span> <span class='ocrx_word' id='word_1_199' title='bbox 234 3780 294 3828; x_wconf 87' lang='lat' dir='ltr'><strong>odio</strong></span> <span class='ocrx_word' id='word_1_200' title='bbox 324 3781 463 3844; x_wconf 73' lang='lat' dir='ltr'><strong>flagrantem</strong></span> <span class='ocrx_word' id='word_1_201' title='bbox 490 3798 542 3828; x_wconf 92' lang='lat' dir='ltr'><strong>non</strong></span> <span class='ocrx_word' id='word_1_202' title='bbox 576 3796 647 3845; x_wconf 87' lang='lat' dir='ltr'><strong>posse</strong></span> <span class='ocrx_word' id='word_1_203' title='bbox 692 3779 842 3839; x_wconf 73' lang='lat' dir='ltr'><strong>orator3sed</strong></span> <span class='ocrx_word' id='word_1_204' title='bbox 856 3797 906 3844; x_wconf 90' lang='lat' dir='ltr'><strong>quo</strong></span> <span class='ocrx_word' id='word_1_205' title='bbox 917 3781 991 3840; x_wconf 83' lang='lat' dir='ltr'><strong>hujus</strong></span> <span class='ocrx_word' id='word_1_206' title='bbox 1000 3778 1144 3826; x_wconf 72' lang='lat' dir='ltr'><strong>solitudinis</strong></span> 
     </span>
     <span class='ocr_line' id='line_1_29' title="bbox 136 3859 1147 3923; baseline -0.002 -16"><span class='ocrx_word' id='word_1_207' title='bbox 136 3876 222 3908; x_wconf 87' lang='lat' dir='ltr'><strong>eorum</strong></span> <span class='ocrx_word' id='word_1_208' title='bbox 234 3861 361 3909; x_wconf 80' lang='lat' dir='ltr'><strong>sententiis</strong></span> <span class='ocrx_word' id='word_1_209' title='bbox 374 3860 478 3910; x_wconf 79' lang='lat' dir='ltr'><strong>absolvi.</strong></span> <span class='ocrx_word' id='word_1_210' title='bbox 692 3861 754 3907; x_wconf 83' lang='lat' dir='ltr'><strong>vitas</strong></span> <span class='ocrx_word' id='word_1_211' title='bbox 767 3859 863 3923; x_wconf 84' lang='lat' dir='ltr'><strong>plenius</strong></span> <span class='ocrx_word' id='word_1_212' title='bbox 882 3869 993 3917; x_wconf 83' lang='lat' dir='ltr'><strong>constet,</strong></span> <span class='ocrx_word' id='word_1_213' title='bbox 1003 3859 1054 3919; x_wconf 79' lang='lat' dir='ltr'><strong>ism</strong></span> <span class='ocrx_word' id='word_1_214' title='bbox 1068 3859 1147 3923; x_wconf 77' lang='lat' dir='ltr'><strong>prasci·</strong></span> 
     </span>
     <span class='ocr_line' id='line_1_30' title="bbox 172 3938 1147 4005; baseline 0 -19"><span class='ocrx_word' id='word_1_215' title='bbox 172 3947 196 3995; x_wconf 70' lang='grc'><strong>4.</strong></span> <span class='ocrx_word' id='word_1_216' title='bbox 209 3941 319 4004; x_wconf 82' lang='lat' dir='ltr'><strong>Assequr&#39;.</strong></span> <span class='ocrx_word' id='word_1_217' title='bbox 330 3941 403 3989; x_wconf 79' lang='lat' dir='ltr'><strong>Nulla</strong></span> <span class='ocrx_word' id='word_1_218' title='bbox 416 3959 446 3989; x_wconf 83' lang='lat' dir='ltr'><strong>ex</strong></span> <span class='ocrx_word' id='word_1_219' title='bbox 461 3952 529 4005; x_wconf 82' lang='lat' dir='ltr'><strong>parte</strong></span> <span class='ocrx_word' id='word_1_220' title='bbox 540 3938 649 3996; x_wconf 82' lang='lat' dir='ltr'><strong>efficere,</strong></span> <span class='ocrx_word' id='word_1_221' title='bbox 692 3939 816 3986; x_wconf 80' lang='lat' dir='ltr'><strong>fertilitate</strong></span> <span class='ocrx_word' id='word_1_222' title='bbox 831 3955 902 4003; x_wconf 82' lang='lat' dir='ltr'><strong>egros</strong></span> <span class='ocrx_word' id='word_1_223' title='bbox 920 3949 1042 3998; x_wconf 77' lang='lat' dir='ltr'><strong>recenset,</strong></span> <span class='ocrx_word' id='word_1_224' title='bbox 1057 3939 1103 4002; x_wconf 90' lang='lat' dir='ltr'><strong>qui</strong></span> <span class='ocrx_word' id='word_1_225' title='bbox 1116 3953 1147 3986; x_wconf 86' lang='lat' dir='ltr'><strong>nc</strong></span> 
     </span>
     <span class='ocr_line' id='line_1_31' title="bbox 136 4018 1139 4084; baseline -0.003 -16"><span class='ocrx_word' id='word_1_226' title='bbox 136 4031 165 4068; x_wconf 89' lang='lat' dir='ltr'><strong>ut</strong></span> <span class='ocrx_word' id='word_1_227' title='bbox 175 4029 268 4067; x_wconf 77' lang='lat' dir='ltr'><strong>tentum</strong></span> <span class='ocrx_word' id='word_1_228' title='bbox 278 4021 329 4084; x_wconf 80' lang='lat' dir='ltr'><strong>egri</strong></span> <span class='ocrx_word' id='word_1_229' title='bbox 339 4031 594 4084; x_wconf 82' lang='lat' dir='ltr'><strong>sereretur‚quantnm</strong></span> <span class='ocrx_word' id='word_1_230' title='bbox 606 4035 649 4066; x_wconf 85' lang='lat' dir='ltr'><strong>au·</strong></span> <span class='ocrx_word' id='word_1_231' title='bbox 694 4019 793 4084; x_wconf 87' lang='lat' dir='ltr'><strong>pondus</strong></span> <span class='ocrx_word' id='word_1_232' title='bbox 805 4020 881 4084; x_wconf 87' lang='lat' dir='ltr'><strong>ipsius</strong></span> <span class='ocrx_word' id='word_1_233' title='bbox 895 4018 998 4083; x_wconf 89' lang='lat' dir='ltr'><strong>querelis</strong></span> <span class='ocrx_word' id='word_1_234' title='bbox 1010 4018 1139 4079; x_wconf 73' lang='lat' dir='ltr'><strong>adjicient.</strong></span> 
     </span>
     <span class='ocr_line' id='line_1_32' title="bbox 136 4098 1147 4165; baseline -0.003 -17"><span class='ocrx_word' id='word_1_235' title='bbox 136 4113 173 4148; x_wconf 83' lang='lat' dir='ltr'><strong>tes</strong></span> <span class='ocrx_word' id='word_1_236' title='bbox 181 4099 227 4146; x_wconf 85' lang='lat' dir='ltr'><strong>seri</strong></span> <span class='ocrx_word' id='word_1_237' title='bbox 235 4098 404 4162; x_wconf 82' lang='lat' dir='ltr'><strong>solebat‚quia</strong></span> <span class='ocrx_word' id='word_1_238' title='bbox 416 4100 526 4165; x_wconf 77' lang='lat' dir='ltr'><strong>sugerent</strong></span> <span class='ocrx_word' id='word_1_239' title='bbox 534 4111 648 4148; x_wconf 83' lang='lat' dir='ltr'><strong>aratores.</strong></span> <span class='ocrx_word' id='word_1_240' title='bbox 730 4117 756 4160; x_wconf 86' lang='lat'><strong>7.</strong></span> <span class='ocrx_word' id='word_1_241' title='bbox 776 4099 840 4159; x_wconf 79' lang='lat' dir='ltr'><strong>Alii,</strong></span> <span class='ocrx_word' id='word_1_242' title='bbox 853 4098 1030 4163; x_wconf 77' lang='lat' dir='ltr'><strong>Murgentinus.</strong></span> <span class='ocrx_word' id='word_1_243' title='bbox 1043 4098 1060 4146; x_wconf 85' lang='lat' dir='ltr'><strong>J</strong></span> <span class='ocrx_word' id='word_1_244' title='bbox 1062 4099 1110 4147; x_wconf 63' lang='grc' dir='ltr'><strong>Ν.</strong></span> <span class='ocrx_word' id='word_1_245' title='bbox 1120 4099 1147 4145; x_wconf 91' lang='lat' dir='ltr'><strong>L.</strong></span> 
     </span>
     <span class='ocr_line' id='line_1_33' title="bbox 138 4175 1147 4238; baseline -0.004 -11"><span class='ocrx_word' id='word_1_246' title='bbox 138 4179 204 4227; x_wconf 82' lang='lat' dir='ltr'><strong>lnl&#39;re</strong></span> <span class='ocrx_word' id='word_1_247' title='bbox 218 4180 259 4228; x_wconf 83' lang='lat'><strong>51.</strong></span> <span class='ocrx_word' id='word_1_248' title='bbox 730 4180 754 4226; x_wconf 82' lang='lat'><strong>8.</strong></span> <span class='ocrx_word' id='word_1_249' title='bbox 766 4177 832 4238; x_wconf 78' lang='lat' dir='ltr'><strong>Alii,</strong></span> <span class='ocrx_word' id='word_1_250' title='bbox 845 4177 1020 4227; x_wconf 74' lang='lat' dir='ltr'><strong>Machannsis.</strong></span> <span class='ocrx_word' id='word_1_251' title='bbox 1042 4178 1080 4224; x_wconf 83' lang='lat' dir='ltr'><strong>De</strong></span> <span class='ocrx_word' id='word_1_252' title='bbox 1090 4175 1147 4224; x_wconf 86' lang='lat' dir='ltr'><strong>hiss</strong></span> 
     </span>
     <span class='ocr_line' id='line_1_34' title="bbox 173 4256 828 4321; baseline 0.002 -16"><span class='ocrx_word' id='word_1_253' title='bbox 173 4258 200 4307; x_wconf 80' lang='lat'><strong>5.</strong></span> <span class='ocrx_word' id='word_1_254' title='bbox 222 4258 288 4306; x_wconf 84' lang='lat' dir='ltr'><strong>Post.</strong></span> <span class='ocrx_word' id='word_1_255' title='bbox 304 4260 434 4321; x_wconf 87' lang='lat' dir='ltr'><strong>Postquam</strong></span> <span class='ocrx_word' id='word_1_256' title='bbox 454 4259 480 4305; x_wconf 91' lang='lat' dir='ltr'><strong>iu</strong></span> <span class='ocrx_word' id='word_1_257' title='bbox 493 4273 519 4304; x_wconf 80' lang='lat' dir='ltr'><strong>ea</strong></span> <span class='ocrx_word' id='word_1_258' title='bbox 543 4267 649 4321; x_wconf 81' lang='lat' dir='ltr'><strong>quaestor</strong></span> <span class='ocrx_word' id='word_1_259' title='bbox 694 4256 828 4306; x_wconf 81' lang='lat' dir='ltr'><strong>lnd.l1ist·</strong></span> 
     </span>
     <span class='ocr_line' id='line_1_35' title="bbox 139 4332 1147 4400; baseline -0.006 -14"><span class='ocrx_word' id='word_1_260' title='bbox 139 4341 279 4387; x_wconf 74' lang='lat' dir='ltr'><strong>lucrm.—</strong></span> <span class='ocrx_word' id='word_1_261' title='bbox 289 4337 417 4386; x_wconf 76' lang='lat' dir='ltr'><strong>Vertissem.</strong></span> <span class='ocrx_word' id='word_1_262' title='bbox 427 4336 650 4400; x_wconf 80' lang='lat' dir='ltr'><strong>luVerreminqui·</strong></span> <span class='ocrx_word' id='word_1_263' title='bbox 730 4355 756 4399; x_wconf 82' lang='lat'><strong>9.</strong></span> <span class='ocrx_word' id='word_1_264' title='bbox 770 4339 895 4400; x_wconf 75' lang='lat' dir='ltr'><strong>Ingeram.</strong></span> <span class='ocrx_word' id='word_1_265' title='bbox 911 4336 988 4397; x_wconf 78' lang='lat' dir='ltr'><strong>Qnae,</strong></span> <span class='ocrx_word' id='word_1_266' title='bbox 1006 4333 1064 4396; x_wconf 84' lang='lat' dir='ltr'><strong>quia</strong></span> <span class='ocrx_word' id='word_1_267' title='bbox 1080 4332 1147 4381; x_wconf 79' lang='lat' dir='ltr'><strong>mbr</strong></span> 
     </span>
     <span class='ocr_line' id='line_1_36' title="bbox 138 4413 1147 4479; baseline -0.002 -16"><span class='ocrx_word' id='word_1_268' title='bbox 138 4417 295 4466; x_wconf 80' lang='lat' dir='ltr'><strong>rendicsnsa.</strong></span> <span class='ocrx_word' id='word_1_269' title='bbox 694 4426 776 4470; x_wconf 81' lang='lat' dir='ltr'><strong>antea,</strong></span> <span class='ocrx_word' id='word_1_270' title='bbox 797 4415 889 4479; x_wconf 86' lang='lat' dir='ltr'><strong>optime</strong></span> <span class='ocrx_word' id='word_1_271' title='bbox 907 4425 976 4462; x_wconf 85' lang='lat' dir='ltr'><strong>erunt</strong></span> <span class='ocrx_word' id='word_1_272' title='bbox 996 4413 1125 4471; x_wconf 84' lang='lat' dir='ltr'><strong>distincta,</strong></span> <span class='ocrx_word' id='word_1_273' title='bbox 1145 4431 1147 4436; x_wconf 89' lang='lat'>·</span> 
     </span>
     <span class='ocr_line' id='line_1_37' title="bbox 172 4493 1109 4560; baseline -0.002 -17"><span class='ocrx_word' id='word_1_274' title='bbox 172 4498 195 4543; x_wconf 85' lang='grc'><strong>6.</strong></span> <span class='ocrx_word' id='word_1_275' title='bbox 217 4497 363 4547; x_wconf 78' lang='lat' dir='ltr'><strong>Herbitensis</strong></span> <span class='ocrx_word' id='word_1_276' title='bbox 385 4511 452 4560; x_wconf 68' lang='lat' dir='ltr'><strong>ager.</strong></span> <span class='ocrx_word' id='word_1_277' title='bbox 477 4496 539 4543; x_wconf 78' lang='lat' dir='ltr'><strong>Satis</strong></span> <span class='ocrx_word' id='word_1_278' title='bbox 558 4494 649 4543; x_wconf 88' lang='lat' dir='ltr'><strong>dictum</strong></span> <span class='ocrx_word' id='word_1_279' title='bbox 696 4511 753 4542; x_wconf 85' lang='lat' dir='ltr'><strong>vero</strong></span> <span class='ocrx_word' id='word_1_280' title='bbox 767 4494 858 4543; x_wconf 86' lang='lat' dir='ltr'><strong>inculta</strong></span> <span class='ocrx_word' id='word_1_281' title='bbox 873 4504 896 4541; x_wconf 78' lang='lat' dir='ltr'><strong>et</strong></span> <span class='ocrx_word' id='word_1_282' title='bbox 908 4493 1008 4541; x_wconf 75' lang='lat' dir='ltr'><strong>‹eonsuss</strong></span> <span class='ocrx_word' id='word_1_283' title='bbox 1018 4493 1109 4552; x_wconf 64' lang='lat' dir='ltr'><strong>jacuit.</strong></span> 
     </span>
    </p>
   </div>
   <div class='ocr_carea' id='block_1_4' title="bbox 0 0 1346 5220">
    <p class='ocr_par' dir='ltr' id='par_1_5' title="bbox 0 0 1346 5220">
     <span class='ocr_line' id='line_1_38' title="bbox 0 0 1346 5220; baseline 0 0"><span class='ocrx_word' id='word_1_284' title='bbox 0 0 1346 5220; x_wconf 95' lang='lat' dir='ltr'><strong> </strong></span> 
     </span>
    </p>
   </div>
  </div>
 </body>
</html>
