2654 5220
170 784 213 866 sa
476 781 533 848 u.
560 783 598 847 Τ.
626 783 908 856 crcnnours

162 907 371 1004 turpissime
394 900 744 999 flagitiosissimoque
762 910 936 978 comitatu
958 925 1004 981 tre

160 1034 280 1087 torum
295 1015 442 1083 nomine
455 1011 687 1098 assedissem,
702 1014 842 1085 asseclis
858 1019 978 1103 istius,
992 1047 1004 1090 1

159 1131 192 1197 ei
213 1124 353 1208 tmditi,
375 1120 437 1190 sed
460 1146 479 1190 a
500 1123 728 1193 meretricula
746 1127 1004 1200 commendati}

87 1284 93 1303 ,
159 1236 290 1308 delicet
306 1255 449 1302 eausam
464 1245 583 1301 arator
599 1258 607 1300 :
625 1232 714 1302 nihil
734 1235 802 1305 sibi
820 1235 994 1311 frumenti

157 1348 345 1425 relictum,
368 1342 466 1413 bona
489 1366 552 1412 sua
579 1344 685 1413 etiam
713 1344 870 1444 direpta,
894 1373 932 1419 se
957 1376 1004 1448 pu

156 1459 395 1551 beratumque
410 1453 558 1524 diceret.
577 1452 793 1526 Conferrent
812 1459 877 1527 viri
898 1458 987 1530 boni

157 1567 410 1641 comissatione
431 1563 670 1659 loquerentur
688 1567 783 1635 inter
800 1593 854 1651 se,
870 1593 911 1638 ac
928 1571 973 1640 de
993 1599 1003 1640 r

157 1683 183 1748 si
208 1678 297 1774 quas
323 1701 342 1745 a
368 1666 556 1771 praetoret'
572 1672 747 1744 abeuntes
774 1694 922 1772 possent
944 1680 1003 1780 del

157 1795 226 1862 Res
245 1790 300 1885 agi
323 1785 517 1856 videretur.
538 1787 757 1855 surrexisset
780 1792 985 1884 Apronius,

159 1916 212 1970 tas
227 1912 258 1943 ¹⁰
276 1897 484 1996 publicani,
499 1919 572 1965 non
590 1910 631 1965 ut
644 1895 885 1987 decumanus,
906 1904 1003 1999 squal

153 2034 195 2080 ac
221 2009 397 2106 pulveris,
423 2005 485 2076 sed
516 2007 711 2100 unguentis
738 2006 889 2095 oblitus,
916 2014 1002 2084 vino

152 2118 365 2215 languidus:
387 2117 508 2185 onmia
526 2117 645 2212 primo
664 2132 767 2187 motu
785 2144 826 2189 ac
844 2124 972 2216 spiritu
992 2151 1003 2194 s

152 2230 351 2324 unguenti,
380 2227 542 2320 corporis
564 2224 678 2296 odore
701 2229 929 2325 complesset.
955 2237 999 2305 Di

151 2364 232 2436 quae
255 2337 364 2431 vulgo
390 2335 509 2404 dicere
533 2334 691 2422 solebat,
715 2362 789 2406 non
819 2364 856 2411 se
882 2341 1002 2413 decnn

150 2449 211 2521 sed
233 2449 331 2519 bona
352 2445 591 2541 fortunasque
609 2461 809 2531 aratorum3
832 2477 907 2521 non
925 2456 1002 2524 sed

150 2586 226 2631 esse
252 2558 466 2655 Apronium,
485 2555 548 2625 sed
567 2562 716 2627 Verrem
738 2558 909 2644 alterum,
929 2562 1002 2634 don

147 2696 226 2741 rum
242 2695 281 2740 ac
296 2682 502 2764 tyrannum.
524 2670 612 2756 Quae
632 2693 748 2764 quum
762 2669 924 2753 dixisset,
941 2675 991 2745 illi

146 2780 367 2850 decelinus
388 2779 490 2847 istius
507 2794 799 2874 recuperatores,
824 2808 898 2852 uou
927 2783 972 2855 de
998 2816 1002 2854 ε

149 2894 309 2989 Apronio
336 2888 599 2971 deliberarent,
626 2890 687 2959 sed
716 2909 936 2985 quererent,
962 2921 1002 2966 ec

147 3004 338 3099 petitorem
360 3003 480 3098 ipsum
503 3003 666 3095 Apronio
684 3002 928 3073 condemnare
941 3016 969 3047 ¹²
994 3033 1001 3103 Ι

192 3118 290 3183 Xlll.
321 3117 419 3180 Hauc
443 3125 484 3179 tu
514 3110 692 3180 licentiam
720 3111 1001 3209 diripiendorum

143 3248 258 3323 quum
278 3223 507 3318 decumanis,
532 3220 601 3289 hoc
624 3236 693 3304 est,
716 3225 875 3318 Apronio
897 3249 998 3320 pcrm

140 3349 319 3433 quantum
338 3333 463 3409 vellet,
482 3347 667 3427 posceret;
686 3349 862 3427 quantum
886 3360 1001 3431 popos

176 3580 199 3622 ς,
214 3564 269 3607 A'ou
286 3578 302 3606 a
316 3570 394 3623 μανι.
407 3558 469 3604 Cod.
487 3561 569 3604 Franc.
584 3572 652 3605 «uon
698 3561 778 3621 eapite
794 3562 940 3615 conserunt,
954 3565 996 3611 diu

138 3661 150 3687 a
170 3641 264 3704 populo
278 3655 379 3686 rontano
398 3640 420 3685 ei
445 3637 560 3687 teudula:
583 3638 650 3700 quod
734 3655 758 3700 ῃ.
774 3641 889 3686 Proetmr.
904 3644 941 3688 Ex
959 3661 1001 3705 psa

138 3736 220 3767 vnum
237 3720 334 3765 Graevio
352 3717 458 3765 videtur,
482 3715 548 3762 Nihil
571 3727 649 3763 turneu
735 3733 772 3764 ro.
796 3721 867 3778 Nove
887 3722 1000 3784 dignitus.

137 3799 225 3846 nurum
236 3798 355 3863 probatos
370 3798 580 3860 comitesaputre
589 3795 648 3845 Ver·
695 3812 770 3858 genus
793 3798 925 3861 publicani.
948 3801 1000 3849 Nen

137 3895 187 3926 rem
207 3878 328 3941 accepisse
349 3879 474 3940 potuisse3
492 3891 568 3938 quum
591 3890 650 3937 pm·
695 3873 785 3923 blicani
799 3879 892 3940 equites
911 3896 1000 3927 rome.

134 3959 216 4005 sertim
247 3972 277 4004 ex
310 3957 404 4022 privata
437 3954 649 4002 commendatione
694 3957 776 4002 servili
795 3973 895 4019 genere,
919 3960 1000 4009 ideon

134 4035 205 4083 multi
224 4036 250 4081 in
267 4035 406 4099 pretorium
427 4033 553 4082 eohortem
572 4031 648 4082 adsci-
694 4049 763 4082 novae
778 4035 902 4098 dignitatis
925 4049 949 4086 et
971 4059 999 4104 ap

135 4125 226 4162 rentur.
248 4106 332 4162 Credit
351 4113 446 4161 liedes,
460 4112 536 4161 dludi
553 4112 585 4160 ad
598 4115 645 4160 llo
693 4129 793 4171 unum,
808 4132 858 4164 non
870 4117 922 4164 sine
935 4119 997 4167 irrisi

130 4210 259 4242 sunnonem
282 4210 389 4250 morem,
410 4195 454 4258 qui
473 4194 529 4241 viris
547 4194 573 4240 in
588 4194 643 4241 l'ore
729 4209 768 4241 11.
789 4195 877 4257 Spiritu
899 4214 950 4246 suo.
972 4200 1000 4245 Οι

127 4273 566 4338 vemntihumutjurisperiuuimt·
578 4271 641 4321 lilios
729 4289 768 4320 is.
787 4275 897 4337 Apronio
916 4278 1000 4324 condes

128 4352 275 4400 erudiendos
286 4351 421 4400 tradebant.
689 4356 788 4413 gratiam
796 4354 901 4416 Apronii
911 4357 999 4404 condes

160 4433 184 4480 8,
198 4431 353 4497 Causennis.
363 4467 368 4478 .
377 4432 479 4495 ⁸capric.
492 4433 532 4479 Sic
547 4434 576 4480 T.
587 4433 640 4479 Lis.
688 4434 847 4480 condemnat»
853 4438 921 4482 Verr.
932 4439 969 4496 ll,
983 4438 996 4483 8

122 4511 154 4561 11,
167 4512 208 4567 45,
220 4536 230 4552 ιι
239 4511 351 4560 consules
366 4511 431 4558 velut
444 4511 638 4569 deliberabundi,
687 4512 790 4561 malebat
801 4514 995 4566 «condonare».
