2654 5220
207 836 249 875 aa
524 810 572 877 Μ.
599 811 638 876 Τ.
666 811 947 881 CICERONIS

205 944 347 1023 gratum
365 928 574 999 admodum.
596 927 667 1001 Sed
688 929 804 1001 multo
825 933 893 1003 erit
914 935 1070 1030 gratius,
1086 936 1119 1004 si
1135 935 1267 1034 reliqua

203 1040 331 1111 voletis
357 1038 566 1110 attendere:
595 1054 789 1138 propterea
813 1042 913 1139 quod
939 1048 977 1113 in
1002 1042 1060 1115 bis
1081 1044 1267 1129 omuibus,

203 1176 284 1247 quae
302 1164 408 1222 antea
426 1150 643 1239 dictasunt,
663 1167 740 1222 erat
758 1152 924 1249 quaedam
946 1179 991 1224 ex
1008 1154 1084 1251 ipsa
1103 1157 1268 1231 varietate

202 1285 243 1329 ac
274 1261 458 1330 novitate²
492 1284 616 1331 rerum
643 1285 684 1331 ac
715 1262 908 1333 criminum
938 1262 1142 1336 delectatio.
1171 1268 1270 1338 Nunc

202 1385 355 1440 tractare
376 1393 518 1441 causam
545 1371 767 1441 instituimus
784 1369 1078 1461 frumentariam
1101 1398 1188 1471 quae
1204 1400 1271 1447 rm·

202 1479 392 1573 gnitudine
410 1481 551 1575 injuriae
568 1498 604 1551 et
620 1479 682 1552 re³
702 1481 914 1553 criminibus
933 1487 1061 1555 ceteris
1075 1486 1272 1569 antecelliu

200 1589 437 1685 jucunditatis
459 1592 497 1661 in
521 1589 663 1688 agendo
684 1605 722 1661 et
741 1593 921 1663 varietatis
946 1596 1068 1663 miuus
1084 1592 1270 1667 habebitl.

202 1704 328 1769 Vestra
359 1714 480 1770 autem
504 1702 716 1771 auctoritate
744 1715 780 1770 et
807 1700 1002 1799 prudentia
1024 1703 1274 1800 diguissimrmt

204 1825 276 1889 est,
297 1810 457 1903 judices,
479 1812 517 1880 in
542 1810 712 1882 audiendi
739 1810 925 1908 diligentia
950 1837 1026 1883 non
1051 1817 1177 1887 minus
1194 1816 1274 1911 reli-

203 1917 328 2016 gioni⁵
355 1919 536 2008 tribuere,
559 1945 668 2018 quarn
695 1921 883 2017 voluptati.
913 1926 956 1991 ln
978 1922 1047 1993 hac
1068 1948 1179 1997 causa
1200 1924 1275 1997 fiu-

206 2032 380 2101 montania
401 2029 652 2129 cognoscenda
672 2030 746 2101 bace
764 2030 868 2101 vobis
889 2034 1103 2129 proponite,
1117 2034 1274 2129 judices,

204 2165 269 2210 vos
291 2141 337 2212 de
356 2140 467 2212 rebus
485 2140 716 2239 fortunisque
733 2142 937 2212 Siculorum
958 2146 1140 2232 omnium,
1165 2144 1213 2216 de
1231 2149 1276 2218 ci·

205 2254 304 2320 vium
330 2274 587 2337 romanorum,
618 2255 681 2348 qui
710 2266 811 2321 arant
841 2255 878 2321 in
908 2253 1046 2338 Sicilia,
1069 2251 1205 2339 bonis,
1232 2254 1275 2327 de

205 2360 478 2456 vectigalibusa
505 2361 703 2456 majoribus
729 2360 888 2446 traditis,
914 2361 961 2432 de
985 2360 1081 2433 vita⁶
1107 2365 1275 2463 victuque

205 2470 331 2568 populi
349 2473 491 2540 romani
511 2474 731 2569 cognituros.
747 2474 836 2561 Quae
850 2477 878 2542 si
894 2498 1041 2570 magna,
1058 2486 1171 2570 atque
1187 2476 1276 2547 adeo

205 2583 360 2651 maxima
376 2580 481 2653 vobis
499 2580 690 2668 videntur,
708 2606 819 2678 quam
835 2585 931 2653 varie
950 2598 986 2654 et
1004 2608 1116 2680 quam
1131 2588 1276 2684 copiose

205 2691 391 2770 dicantur,
419 2706 626 2789 exspectare
651 2692 777 2789 nolite.
796 2694 984 2764 Neminem
1003 2708 1166 2765 restrum
1188 2718 1275 2793 prte-

204 2802 305 2887 terit,
322 2800 482 2895 judices,
503 2826 648 2873 omnem
673 2803 864 2874 utilitatem
891 2808 1276 2904 opportunitatemque

205 2912 398 3007 provincia.
427 2912 573 2999 Siciliae,
599 2938 680 3009 quae
704 2913 965 2985 adcommoda
989 2915 1115 3011 populi
1137 2918 1276 2987 romani

205 3019 374 3113 :uljuncta
400 3023 465 3109 sit,
488 3024 683 3093 consistere
710 3027 745 3092 in
773 3048 813 3094 rc
833 3023 1069 3096 frumentaria
1098 3030 1274 3098 maxime:

205 3156 288 3199 nam
312 3132 441 3201 ceteris
466 3132 577 3203 rebus
600 3133 814 3227 adjuvamur
836 3160 878 3204 ex
901 3134 960 3204 illa
982 3136 1188 3234 provincia3
1211 3136 1277 3207 hac

205 3267 292 3311 vero
311 3241 441 3311 alimur
457 3267 498 3313 ac
517 3245 748 3314 sustinemur.

254 3357 303 3421 Ea
330 3377 434 3421 causa
463 3356 661 3449 tripertita,
689 3352 848 3446 judices,
874 3354 942 3423 erit
969 3356 1006 3423 in
1035 3358 1275 3427 accusatione.

205 3464 367 3530 Primum
388 3463 484 3530 enim
504 3460 549 3531 ‹le
569 3461 809 3550 decumarum,
830 3461 961 3534 deinde
977 3460 1022 3534 de
1039 3479 1164 3561 empto
1181 3464 1298 3559 dice·⁴

205 3596 287 3661 mus
308 3569 510 3659 frumento,
532 3587 716 3668 postremo
735 3571 780 3641 de
798 3573 982 3642 aestimato.

204 3819 283 3865 titiam
296 3819 535 3867 invehitur.·-Dicta
547 3832 610 3867 sunt.
624 3820 718 3882 Nempe
763 3818 864 3864 omnino
874 3818 961 3863 mimm
973 3818 1005 3864 sit
1014 3816 1126 3864 dirInum
1139 3815 1202 3866 illud
1212 3819 1278 3883 inge·

203 3899 229 3944 in
246 3899 403 3946 Divinatione
416 3909 440 3945 et
456 3899 561 3946 Actione
576 3898 663 3962 prima.
763 3897 829 3944 nium
844 3895 874 3942 iis
886 3896 1009 3944 immorari
1023 3895 1117 3943 tamdiu
1133 3897 1251 3960 potuisse.

240 3993 264 4024 a.
281 3976 342 4025 Cod.
357 3978 451 4026 Metell.
465 3977 606 4025 Nobilitate.
619 3978 643 4023 J.
653 3978 717 4022 V.L.
799 3977 822 4025 5.
837 3975 966 4040 Religioni.
991 3975 1050 4023 Nou
1071 3976 1153 4022 minus
1178 3988 1280 4041 propter

239 4059 264 4104 3.
279 4057 318 4102 Sic
333 4058 451 4104 Gruterus
464 4073 477 4103 e
491 4056 565 4103 codd.
576 4056 642 4103 Olim
648 4055 716 4118 fiere,
761 4056 880 4102 rationem
894 4053 970 4102 officii
988 4055 1077 4111 vestri,
1094 4070 1166 4118 quam
1178 4069 1281 4122 propter

203 4134 270 4199 «perard
285 4133 384 4183 Sobila.
406 4137 519 4184 restituit.
538 4137 651 4183 Ernestio
665 4135 717 4182 lan·
764 4135 869 4181 fructum
883 4132 1043 4194 jucunditatis
1057 4133 1191 4182 attendere.

203 4226 269 4276 μυεῖ.
288 4216 313 4261 J.
323 4217 354 4261 V.
366 4218 391 4261 l..
798 4214 824 4262 6.
844 4216 881 4261 De
890 4213 945 4260 vita
957 4213 1083 4275 victuque.
1097 4214 1136 4260 De
1147 4212 1221 4262 rebus
1229 4215 1284 4278 qui·

242 4303 264 4347 Ι..
279 4294 361 4341 Minus
375 4293 480 4340 habebit.
491 4293 575 4339 Toties
588 4292 652 4339 enim
672 4292 719 4339 hac
763 4293 809 4340 bus
817 4293 924 4357 populus
933 4308 995 4338 rum.
1006 4293 1079 4339 alitur
1087 4303 1112 4338 et
1121 4303 1281 4341 sustentetur.

206 4380 229 4420 in
242 4375 353 4421 oratione
363 4376 464 4418 Verrem
481 4371 511 4418 ad
526 4371 717 4418 caleulusrero-
800 4391 824 4432 7.
847 4375 998 4420 Decumano.
1021 4371 1095 4433 Quod
1116 4388 1147 4418 ex
1170 4371 1281 4419 decumis

205 4466 258 4508 rau,
272 4466 320 4500 tarn
335 4453 465 4513 diligenter
479 4451 509 4497 ad
522 4452 716 4514 computationes
763 4451 898 4515 colligitur,
917 4467 972 4513 quie
985 4461 1041 4519 sunt
1054 4450 1146 4497 decima
1162 4466 1218 4513 pars
1231 4452 1280 4498 lm·

206 4534 241 4579 iel
256 4533 427 4579 minutissimas
440 4531 716 4587 deseenditorator,ut
761 4547 831 4593 gum,
853 4546 925 4593 quaun
948 4531 1009 4594 reip.
1027 4529 1135 4595 pendere
1154 4530 1282 4578 debebant
