2654 5220
221 794 265 838 ao
446 825 453 835 .
538 768 587 837 Μ.
614 770 653 837 Τ.
680 766 965 840 CICERONIS

218 888 373 984 cujusvis
382 891 544 959 animum
556 902 709 985 possunt
719 886 999 986 moveretquod
1008 887 1055 961 ad
1064 901 1167 961 tuam
1176 884 1268 988 ipsius

215 1001 422 1086 amicitiam,
441 1013 721 1094 ceterorumque
736 998 928 1070 homiuum
947 1021 1166 1095 magnorum
1179 1013 1270 1098 atque

216 1109 416 1191 nobilium,
438 1106 635 1178 faciliorem
656 1108 795 1179 aditum
817 1112 921 1180 istius
941 1108 1054 1179 habet
1072 1112 1232 1207 nequitia
1245 1120 1274 1179 et

214 1218 378 1301 audacia,
408 1241 518 1313 quam
543 1219 758 1316 cujusquam
784 1233 951 1290 nostrum
977 1220 1094 1291 virtus
1125 1234 1165 1292 et
1197 1224 1274 1292 inte·

212 1328 344 1425 gritas?
363 1325 498 1399 odistis
519 1325 712 1398 hominum
735 1351 918 1399 uovorum
935 1327 1151 1419 iudustrias;
1168 1327 1277 1429 despi-

213 1440 292 1506 citis
317 1461 446 1507 eorum
472 1434 737 1531 frugalitatem
759 1436 939 1534 pudorem
963 1440 1221 1529 contemnitis,
1236 1442 1280 1511 iu·

211 1548 360 1642 genium
382 1572 489 1629 vero,
512 1559 549 1616 et
570 1547 743 1617 virtutem
769 1546 978 1644 depressam
1000 1549 1280 1647 exstinctamque

210 1659 342 1755 cupitis
352 1668 377 1727 ².
408 1661 559 1728 Verrem
583 1660 720 1727 amatis.
748 1660 803 1729 Ita
829 1656 939 1728 credo
959 1682 967 1726 :
988 1659 1019 1728 si
1039 1680 1117 1728 uon
1136 1659 1282 1741 virtute,

211 1793 284 1838 nou
305 1765 498 1853 industria,
514 1792 592 1837 non
608 1768 840 1853 innocentia,
856 1791 934 1837 non
949 1766 1113 1865 pudore,
1133 1793 1213 1841 nou
1225 1792 1282 1867 pu·

209 1877 348 1964 dicitia3
366 1891 404 1947 at
420 1899 607 1962 sermone,
625 1891 661 1946 at
679 1876 813 1964 literis,
831 1890 867 1947 at
885 1876 1114 1948 humanitate
1127 1878 1211 1973 ejus
1225 1876 1282 1949 de·

211 1988 404 2059 lectamini.
430 1984 528 2058 Nihil
554 1986 689 2057 horum
711 2001 790 2057 est:
812 1982 1037 2082 contraque³
1061 2002 1149 2058 suut
1166 1988 1284 2059 omnia

210 2123 325 2196 quum
341 2120 486 2167 summo
500 2094 679 2167 dedecore
697 2121 739 2167 ac
752 2096 999 2194 turpitudine,
1014 2109 1096 2166 tum
1114 2097 1285 2195 singulari

209 2209 361 2278 stultitia
387 2221 498 2303 atque
524 2206 789 2277 inhumanitate
818 2203 941 2277 oblita.
968 2207 1061 2276 Huic
1088 2204 1285 2278 hominisi

210 2320 313 2416 cujus
340 2317 472 2389 domus
499 2330 620 2413 patet,
647 2331 773 2386 utrum
798 2341 842 2387 ea
866 2330 1008 2413 patere,
1027 2341 1074 2387 au
1099 2315 1227 2390 hiare⁴
1247 2341 1285 2391 ae

210 2454 361 2529 poscere
380 2425 518 2524 aliquid
536 2424 703 2498 videtur?
723 2432 829 2516 Hunc
846 2426 957 2497 vestri
971 2425 1164 2521 janitores,
1188 2427 1285 2502 hune

211 2537 423 2611 cubicularii
446 2533 644 2633 ditigunt⁵;
664 2536 763 2607 hunc
787 2536 906 2608 liberti
928 2540 1059 2623 vestri,
1077 2537 1181 2609 hunc
1196 2542 1285 2613 servi

212 2649 424 2745 ancillaeque
447 2638 587 2733 amant3
614 2645 674 2716 hic
701 2672 817 2743 quum
847 2647 967 2733 venit,
994 2661 1094 2717 extra
1119 2647 1285 2721 ordinem

213 2772 384 2836 vocatum
411 2756 470 2826 hic
494 2756 594 2826 solus
616 2755 881 2827 introducitur:
903 2760 1035 2843 ceteri,
1053 2780 1146 2855 saepe
1164 2757 1286 2858 fruga-

212 2868 336 2939 lissimi
348 2866 536 2950 homines,
551 2865 808 2937 excluduntur.
826 2871 879 2936 Ex
892 2891 968 2963 quo
982 2865 1135 2963 intelligi
1148 2883 1284 2966 potest,

216 3004 278 3049 eos
301 2975 405 3048 vohis
427 3000 504 3046 esse
529 2976 750 3059 carissimos,
769 2980 833 3072 qui
849 2978 897 3046 ita
915 2972 1121 3063 vixerunt⁶,
1146 2992 1191 3048 ut
1210 2980 1286 3049 sine

213 3211 278 3257 luam
290 3221 338 3258 tam
348 3211 468 3273 impuram
479 3208 664 3273 amplectantur.
674 3204 727 3256 lios
772 3224 864 3257 summa
876 3208 979 3257 stultitia
990 3219 1048 3256 aunt
1063 3202 1156 3267 oblita,
1168 3210 1189 3259 i.
1207 3226 1230 3259 e.
1243 3203 1286 3260 te·

214 3304 273 3352 ergo
286 3287 382 3335 Tullius
398 3287 425 3334 iu
443 3297 611 3351 contemptum
632 3296 656 3334 et
668 3287 729 3335 iuvi·
771 3289 827 3337 data
841 3299 865 3336 et
880 3299 994 3354 turpata:
1008 3304 1022 3335 a
1035 3287 1112 3335 verbo
1122 3288 1216 3339 ottho.

215 3368 279 3414 diam
297 3366 505 3415 vehementissime
521 3367 598 3431 rapit,
620 3365 726 3413 dumah
808 3379 832 3424 s.
856 3367 931 3414 Hiare
956 3367 1057 3433 proprie
1086 3366 1206 3417 dicuutur
1225 3367 1286 3435 pdli

214 3447 250 3495 eis
259 3445 515 3495 uovommhomiuum
523 3444 728 3509 industriampro·
771 3446 852 3494 avium
865 3446 897 3493 ad
908 3462 1002 3505 eseam;
1016 3446 1184 3510 metaphorice
1194 3448 1288 3497 estasi-

215 3524 325 3584 euleari,
341 3523 503 3587 frugalitatem
528 3522 634 3586 despici,
659 3524 727 3587 inge·
772 3525 803 3573 de
825 3537 946 3590 expetere.
973 3526 1038 3575 iiiuc
1068 3528 1139 3573 Verr.
1161 3528 1206 3585 11,
1233 3528 1286 3584 St:

216 3607 284 3653 nium
292 3616 316 3651 et
329 3603 443 3651 virtutem
454 3601 557 3667 deprimi
567 3602 685 3661 clamitat,
699 3619 727 3649 ac
772 3604 949 3669 «Reperisham
964 3606 1065 3652 Verrem
1077 3614 1173 3654 tautum
1186 3606 1286 3655 avaritia

216 3684 341 3731 avaritiam
363 3682 462 3731 illorum
480 3680 589 3744 detegit,
611 3697 658 3744 qua
676 3681 728 3730 sola
772 3683 1286 3748 semperhianteatqueimmiueutefuiaseu.

215 3762 316 3810 adducti
329 3762 431 3810 Verrem
446 3761 472 3807 in
490 3758 564 3807 fldem
582 3776 650 3807 suam
666 3776 728 3808 reos¹
772 3764 873 3812 Hiuntas
887 3763 1031 3827 cupiditates
1048 3764 1116 3829 apud
1125 3766 1206 3815 Tacit.
1223 3766 1285 3816 llist.

216 3852 312 3904 petunt.
773 3845 798 3901 l,
813 3857 854 3891 ra.
865 3843 960 3891 Domus
967 3841 1034 3899 tiae,
1049 3844 1066 3892 i.
1079 3861 1102 3893 e.
1114 3843 1231 3894 domiuus
1242 3845 1286 3893 do·

252 3936 277 3968 s.
290 3918 389 3983 Capitis.
402 3916 466 3979 Quia
474 3916 564 3964 timetis
572 3916 686 3963 nimirum
697 3933 728 3965 ne
772 3937 825 3968 mus
838 3932 924 3985 aperto
937 3937 992 3980 ore,
1005 3936 1048 3969 seu
1066 3921 1206 3972 avidissime
1223 3936 1286 3990 pru-

215 4009 286 4063 parto
296 4012 328 4046 ex
333 3995 459 4044 laboribus
468 3995 518 4043 suis
526 3994 655 4058 splendore
664 3997 729 4058 igue·
773 4000 828 4047 dam
842 4000 1004 4066 concupiscit.

212 4094 267 4126 vam
275 4075 427 4124 nobilitatem
434 4084 536 4122 vestram
543 4073 726 4124 obscuretVid.
810 4080 834 4127 5.
849 4079 969 4145 Diltpunt.
980 4079 1043 4143 Quia
1057 4096 1152 4145 semper
1160 4082 1192 4131 ah
1202 4100 1232 4132 so
1243 4082 1287 4133 do·

214 4158 276 4205 iufra
296 4159 368 4204 Vere.
392 4157 424 4214 V,
438 4156 488 4214 ⁸¹3
506 4163 531 4201 et
551 4152 635 4201 eadem
652 4153 682 4203 de
700 4171 728 4202 re
771 4160 823 4206 uati
839 4157 965 4208 reueduut.

213 4236 298 4284 confer
309 4234 382 4283 Marii
396 4234 532 4282 orationem
547 4232 614 4297 apud
626 4233 725 4283 Sallust.
807 4238 832 4284 6.
855 4240 896 4285 Ita
908 4232 1036 4285 viserunt.
1051 4234 1085 4284 lis
1103 4255 1129 4286 se
1142 4238 1242 4304 flagitiis
1258 4258 1287 4290 ae

212 4316 274 4364 Bell.
283 4313 398 4379 Jugurth.
418 4314 461 4363 83.
772 4316 902 4364 sceleribus
916 4317 1084 4376 macularunt,
1103 4328 1130 4365 ut
1143 4319 1196 4368 siue
1209 4330 1288 4369 vestra

250 4396 272 4443 3.
287 4395 385 4443 Cerva.
395 4388 464 4440 Vitia
478 4393 560 4441 omnia
574 4408 588 4439 e
601 4392 725 4441 contrario
771 4411 859 4459 opera,
874 4396 945 4457 cujus
954 4395 1026 4444 vobis
1038 4397 1176 4445 mercedem
1189 4400 1286 4463 prolixe

213 4472 278 4536 apud
292 4475 392 4523 Verrem
414 4484 438 4519 et
460 4489 553 4520 summa
573 4472 685 4530 iufamia,
701 4484 725 4521 rt
769 4489 797 4520 ac
811 4475 930 4523 cumulate
944 4475 1099 4540 persolvunt,
1116 4477 1230 4538 judicum
1247 4496 1287 4527 ss·
