2654 5220
131 804 175 875 28
455 808 503 874 Μ.
529 808 567 874 Τ.
594 806 874 876 CICERONIS

176 930 236 997 lx.
267 930 404 997 Eorum
435 928 620 1015 omnium,
649 929 714 1024 qui
742 925 933 998 decumani
958 924 1191 1013 vocabantur,

126 1039 297 1135 princeps
312 1050 388 1107 erat
399 1039 445 1127 Q.
461 1035 732 1135 illeApronius,
745 1059 855 1133 quem
868 1033 1016 1106 videtis:
1033 1033 1081 1106 de
1094 1036 1193 1131 cujus

127 1145 359 1243 improbitate
372 1146 563 1244 singulari,
577 1148 865 1244 gravissimarum
879 1145 1102 1242 legationum
1118 1168 1187 1241 que

125 1257 281 1327 simonia
290 1266 316 1344 ¹,
329 1257 488 1329 audistis.
503 1256 702 1354 Adspicite,
709 1256 868 1353 judices,
882 1256 1024 1327 vultum
1039 1254 1195 1326 bominis

127 1380 164 1437 et
194 1364 422 1463 adspectum3
452 1381 559 1438 etex
588 1390 630 1437 ea
657 1368 907 1454 contumacia,
933 1388 1046 1462 quam
1073 1364 1136 1436 hic
1161 1368 1195 1437 in

126 1472 278 1572 perditis
297 1475 408 1547 rebus
429 1481 582 1561 retinet,
603 1476 685 1549 illos
710 1476 813 1571 ejus²
835 1476 982 1574 spiritus
1002 1474 1196 1547 sicilienses

128 1608 220 1680 quos
242 1582 351 1656 fuisse
373 1586 526 1683 putetis,
546 1588 701 1682 cogitato
722 1609 763 1693 ac
783 1582 1035 1656 recordamini.
1059 1586 1127 1654 Hic
1146 1598 1197 1655 est

127 1698 333 1791 Apronius,
353 1720 462 1792 quem
481 1699 520 1766 in
539 1697 724 1793 provincia
740 1709 818 1766 tota
831 1698 981 1779 Verres,
1002 1716 1122 1789 quum
1138 1718 1199 1763 un·

130 1804 241 1901 dique
268 1806 510 1903 nequissimos
537 1804 704 1890 homines
730 1804 987 1901 conquisisset,
1018 1816 1056 1874 et
1083 1826 1198 1900 quum

129 1918 207 2012 ipse
231 1937 354 1986 secum
383 1919 439 1986 sui
466 1916 600 1986 similes
623 1914 783 1986 duxisset
802 1937 879 1983 non
898 1935 1027 2011 parum
1047 1912 1199 1997 multos,

130 2025 313 2121 nequitia,
331 2024 492 2111 luxuria,
509 2023 675 2111 audacia,
695 2025 751 2094 sui
773 2023 996 2094 simillimum
1010 2021 1198 2117 judicavit.

129 2138 255 2230 Itaque
270 2136 358 2205 istos
371 2136 466 2204 inter
479 2158 516 2205 se
529 2133 697 2232 perbrevi
712 2147 896 2230 tempore,
918 2159 994 2203 non
1010 2157 1069 2203 res
1078 2129 1108 2219 ³,
1124 2157 1199 2204 non

129 2242 240 2329 ratio,
260 2266 336 2311 non
360 2242 627 2324 commendatio
650 2244 790 2340 aliqua,
810 2242 873 2314 sed
895 2243 1101 2314 studiorum
1121 2256 1198 2313 tur·

130 2351 260 2448 pitudo
278 2351 549 2450 similitudoque
569 2353 768 2448 conjunxit.
786 2354 907 2424 Verris
926 2343 1046 2423 mores
1064 2356 1200 2450 impro-

131 2459 200 2531 bos
227 2462 465 2559 impurosque
492 2464 635 2534 nostis:
664 2462 790 2561 fingite
821 2461 944 2552 vobis,
968 2463 998 2533 si
1026 2465 1201 2560 potestis,

132 2570 312 2667 aliquem,
331 2575 394 2669 qui
415 2575 453 2643 in
474 2572 744 2645 omnibus·istis
761 2572 871 2646 rebus
890 2599 957 2671 par
973 2572 1018 2644 ad
1033 2575 1200 2644 omnium

131 2679 348 2776 flagitiorum
369 2680 521 2753 nefarias
534 2682 702 2755 libidines
716 2708 792 2755 esse
805 2685 940 2781 possit:
959 2686 988 2752 is
1001 2683 1070 2753 erit
1084 2688 1200 2780 Apro·

133 2793 215 2860 nius
234 2790 312 2879 ille;
333 2795 419 2888 qui,
438 2806 479 2862 ut
491 2795 568 2889 ipse
582 2817 658 2862 non
674 2792 794 2863 solum
809 2795 901 2879 vita,
917 2791 980 2863 sed
997 2795 1105 2863 etiam
1122 2816 1201 2863 cor·

133 2926 222 2997 pore
241 2915 350 2998 atque
367 2906 453 2973 orel
469 2900 662 2999 significat,
676 2906 849 2973 immensa
863 2901 982 2998 aliqua
997 2898 1132 2998 vorago
1148 2916 1202 2972 est

133 3008 199 3082 ac⁵
214 3034 345 3109 gurges
366 3012 535 3083 vitiorum
550 3011 891 3109 turpitudinumque
906 3012 1084 3081 omnium.
1096 3014 1204 3081 Hunc

134 3124 172 3191 in
189 3120 359 3193 omnibus
377 3123 527 3220 stupris,
547 3121 647 3191 hunc
665 3122 703 3190 in
719 3119 888 3191 lariorum
901 3117 1203 3217 expilationibus,

132 3230 286 3302 huncio
305 3233 460 3327 impuris
479 3232 650 3301 conviviis
665 3232 868 3329 principem
886 3228 1101 3317 adhibebat3
1121 3243 1203 3300 tan·

135 3356 281 3439 tamque
312 3340 471 3413 habebat
500 3364 645 3412 morum
676 3339 875 3411 similitudo
902 3339 1202 3432 conjunctionem

170 3496 216 3543 nt.
233 3510 255 3542 r.
270 3493 434 3557 Quen'monia.
451 3497 491 3542 Sic
504 3497 602 3544 Gruter.
619 3505 644 3543 et
687 3492 797 3542 rentibus
818 3492 891 3541 rebus
912 3493 977 3551 suis,
999 3492 1026 3540 in
1048 3492 1130 3540 Sicilia
1152 3508 1205 3540 ver-

135 3575 194 3622 Em.
207 3574 280 3622 ceteri
291 3590 304 3621 e
314 3574 376 3621 MSS
397 3575 578 3636 «querimoniae
587 3596 644 3621 -.-
687 3572 793 3621 sebatur.

135 3653 247 3701 Herelius
261 3653 365 3701 malebat
378 3653 519 3710 adscitum
531 3670 587 3701 narn
600 3653 645 3701 ad·
725 3654 749 3700 3.
762 3652 819 3698 Non
831 3667 876 3700 res.
897 3652 984 3715 Neque
1001 3651 1109 3709 utilitas,
1123 3667 1206 3716 neque

134 3732 265 3797 spicere...
288 3734 428 3798 adspectum
445 3733 468 3781 ei
484 3733 552 3780 baud
565 3732 644 3796 place·
685 3730 815 3793 judicium.
837 3731 947 3779 Graevius
967 3731 1105 3795 iutelligit:
1124 3747 1207 3796 neque

135 3812 227 3859 hume
236 3812 365 3861 iucetilin.
374 3814 410 3859 tv
420 3812 531 3860 similiter
539 3810 644 3859 dicitur:
688 3811 839 3874 negotiatio,
857 3826 936 3873 neque
952 3810 1076 3858 rationum
1089 3826 1158 3863 cure.
1169 3838 1206 3849 —

137 3915 150 3933 «
160 3893 275 3939 Versatur
292 3891 350 3938 mibi
366 3901 423 3939 ante
441 3890 527 3938 oculos
544 3890 646 3954 Cethegi
689 3891 827 3938 Studiorum
840 3887 983 3938 similitudo.
993 3890 1033 3938 Sic
1047 3908 1093 3957 pro
1105 3891 1206 3943 cluent.

138 3970 295 4035 adspectus·-
309 3970 417 4018 Pertinet
426 3980 506 4017 autern
520 3968 646 4016 valeand
690 3993 703 4012 α
712 3972 827 4034 Magnam
838 3971 887 4016 vim
900 3970 973 4019 babet
989 3969 1021 4018 ad
1039 3972 1206 4038 compingen-

138 4067 173 4105 os,
182 4048 309 4112 adspectus
325 4048 357 4096 ed
375 4058 449 4096 toturn
467 4048 578 4111 corporis
590 4064 647 4111 spe·
691 4050 735 4097 des
755 4049 872 4097 amicitias
893 4049 1031 4098 studiorum
1055 4066 1084 4098 ec
1110 4062 1209 4100 nature

137 4132 207 4178 ciem.
218 4130 303 4191 ltaque
314 4126 397 4191 paullo
409 4138 466 4191 post
475 4128 566 4175 dicitur
576 4143 648 4173 «cor-
692 4128 857 4177 similitudo».

138 4226 200 4275 pore
217 4218 290 4270 atque
301 4222 343 4254 ore
356 4204 506 4269 significan.
730 4215 755 4262 4.
767 4212 848 4271 Atque
857 4222 907 4254 ore.
916 4206 991 4270 Quod
999 4208 1208 4273 utrumqueineo

175 4305 201 4338 s.
214 4287 274 4335 Illos
290 4285 348 4348 ejus.
358 4286 399 4334 Sic
415 4286 494 4333 omnis
510 4285 574 4331 edita
590 4287 648 4332 scri·
694 4299 788 4335 rectum
799 4296 843 4335 est.

139 4380 228 4433 piaque
247 4365 329 4415 lectio.
347 4364 490 4421 lambiunt,
503 4363 557 4411 illos
575 4365 649 4413 etiam
730 4362 753 4415 5.
766 4365 807 4415 Al.
819 4378 879 4421 autc
889 4364 932 4414 sed
940 4365 1014 4413 babet
1025 4382 1056 4413 ae
1066 4377 1136 4414 vetus
1145 4367 1210 4416 liber

139 4447 244 4509 spiritus.
255 4448 343 4495 Sensus
356 4453 408 4491 est:
428 4444 541 4506 Cogitate
558 4454 648 4506 quante
693 4443 790 4501 Ursini3
804 4443 876 4507 idque
887 4455 952 4493 recte
964 4445 1058 4510 placuit
1069 4447 1173 4496 Mureto
1184 4459 1210 4496 et

142 4527 212 4573 luerit
232 4527 336 4575 bominis
355 4524 481 4590 superbis,
498 4541 587 4588 quoru,
607 4524 648 4572 llo·
693 4524 833 4573 Graeviul.
844 4525 875 4572 V.
887 4525 914 4572 b.
