2654 5220
287 387 339 454 IN
367 387 789 473 manutenetis,
816 391 910 458 LIB.
929 392 997 458 111.
1130 395 1169 475 dr

138 507 255 580 audete
273 508 394 577 dicere
417 505 638 604 diligentem.
661 511 835 606 Ingenio?
857 514 920 606 qui
940 524 1048 581 testes
1070 512 1181 600 inter-

137 618 224 710 rogari
239 618 359 713 priore
372 617 514 687 actione
528 608 690 688 noiueris
701 630 726 706 ⁷,
743 634 778 689 et
795 623 838 689 iis
851 623 1002 690 tacitum
1016 646 1057 691 os
1074 633 1179 692 tunm

137 724 265 820 prebere
296 726 490 811 malueriS,
518 730 770 823 quantumvis,
798 744 835 799 et
862 744 918 815 te,
943 743 980 800 et
1006 743 1178 826 patronos

106 840 109 853 '
138 849 204 924 tuos,
222 837 427 932 ingeniosos
455 860 532 907 esse
557 837 679 908 dicito.
700 840 782 927 Qua
804 864 843 908 re
866 839 976 935 igitur
998 836 1055 924 id,
1076 838 1176 934 qnod
1200 921 1212 947 .

136 946 182 1029 ais,
192 959 404 1042 assequutus
418 947 475 1016 es?
493 948 623 1041 Magna
639 962 694 1017 est
708 948 806 1016 enim
817 948 911 1033 laus,
929 950 957 1016 si
973 947 1177 1045 superiores

136 1056 256 1126 consilio
275 1056 410 1139 vicisti,
433 1055 695 1152 posterioribus
709 1056 914 1154 exemplum
931 1072 1041 1152 atque
1055 1071 1179 1127 aucto·

135 1167 245 1237 ritatem
271 1163 459 1261 reliquisti.
490 1163 572 1235 Tibi
597 1165 746 1237 sortasse
774 1165 928 1238 idoneus
955 1165 1023 1236 tuit
1047 1191 1175 1254 nemo,

136 1296 214 1374 quem
235 1278 438 1359 imitarere;
463 1292 499 1344 at
528 1290 562 1345 te
589 1275 773 1363 videlicet,
798 1281 1023 1348 inventorem
1052 1301 1176 1348 rerum

136 1385 322 1478 optimarum
339 1408 387 1455 ac
410 1386 633 1481 principem,
658 1385 898 1457 imitabuntur
925 1411 1062 1457 omnes.
1086 1387 1177 1477 Quis

136 1509 304 1582 aratorum,
331 1509 366 1564 te
392 1509 565 1591 praetore,
594 1495 784 1568 decumam
810 1495 932 1567 dedit?
957 1496 1038 1591 quis
1063 1493 1176 1568 duas?

136 1605 192 1695 quis
201 1631 272 1676 non
288 1607 447 1676 maximo
460 1628 497 1675 se
510 1601 683 1676 affectum
696 1604 877 1678 beneficio
890 1607 1048 1705 putavit,
1058 1631 1175 1704 quum

137 1710 219 1785 tibus
235 1715 398 1787 decumis
414 1739 482 1812 pro
499 1739 573 1784 una
589 1714 861 1814 defungeretur,
878 1732 1010 1816 praeter
1026 1741 1174 1814 paucos,

136 1825 177 1915 qni
198 1840 346 1925 propter
370 1827 579 1896 societatem
604 1825 785 1898 furtorum
812 1844 960 1899 tuorum
986 1825 1076 1897 nihii
1098 1851 1175 1897 orn-

135 1934 194 2007 uino
218 1936 426 2009 dederunt?
454 1935 564 2022 Vide,
591 1940 686 2008 inter
713 1939 1025 2035 importunitatem
1055 1952 1173 2023 tuam,

135 2060 319 2144 senatusque
340 2044 560 2130 bonitatem,
580 2045 669 2142 quid
692 2049 844 2118 intersit.
865 2051 1037 2129 Senatus,
1056 2070 1172 2142 quum

135 2153 325 2250 tenporibus
344 2153 575 2252 reipublicae⁸
599 2158 757 2254 cogitur,
781 2172 823 2228 ut
845 2157 1034 2240 decernat,
1059 2171 1100 2226 ut
1121 2156 1172 2225 al·

134 2269 190 2332 tete
205 2266 365 2338 decumae
384 2266 584 2362 exigantur,
599 2268 649 2336 ita
665 2267 847 2355 decernit,
868 2283 910 2338 ut
931 2267 1084 2365 pecunia
1104 2291 1171 2365 pro

134 2364 169 2440 his
190 2375 347 2448 decumis
371 2375 531 2447 solvatur
555 2377 778 2464 aratoribus3
800 2394 860 2466 ut,
887 2378 989 2475 quod
1012 2378 1095 2476 plus
1116 2402 1172 2448 su·

133 2483 227 2573 minu,
245 2511 357 2584 quam
381 2486 549 2575 debetur,
569 2486 605 2558 id
630 2493 720 2571 emi,
746 2514 821 2559 non
850 2486 981 2559 auferri
1010 2501 1169 2585 putetur.

132 2590 181 2680 Tu,
194 2622 305 2693 quum
327 2613 381 2668 tot
404 2596 574 2668 decumas
589 2622 664 2667 non
679 2595 1013 2682 senatusconsultu,
1026 2595 1088 2667 sed
1104 2620 1170 2665 no-

131 2699 165 2771 vis
179 2707 295 2779 edictis
317 2710 410 2793 tuis,
434 2705 654 2805 nefariisque
675 2709 849 2779 institutis
867 2711 1027 2803 exigeres
1044 2721 1081 2775 et
1099 2707 1170 2776 eri·

130 2829 222 2904 peres,
234 2842 407 2914 magnum
417 2830 453 2887 tc
462 2815 587 2889 fecisse
607 2817 849 2904 arbitrabere,
866 2819 895 2887 si
912 2817 1025 2914 pluris
1044 2815 1170 2886 vendi·

129 2915 212 3014 detis,
225 2953 336 3025 quam
353 2934 393 2999 L.
409 2932 663 3017 Hortensius⁹‚
678 2944 779 3027 pater
794 2930 896 3000 istius
912 2931 956 3019 Q.
970 2927 1169 3014 Hortensii,

128 3052 208 3123 quarn
232 3045 299 3109 Cn.
323 3041 535 3136 Pompeius,
558 3065 669 3136 quam
693 3044 743 3109 Μ.
768 3037 1014 3121 Marcellusffl,
1036 3038 1101 3133 qui
1123 3035 1169 3106 ab

126 3151 284 3239 muitate,
304 3147 350 3218 ab
365 3148 461 3246 lege,
481 3148 526 3219 ab
546 3151 718 3221 institutis
737 3176 810 3220 non
827 3149 1077 3220 recesserunt?

124 3317 246 3376 handen
255 3328 384 3386 codicem,
397 3327 460 3375 facts
474 3327 559 3385 litura,
569 3342 608 3375 rc·
654 3339 699 3385 ret,
712 3344 763 3375 non
780 3327 883 3391 singuiis
900 3328 971 3375 anuis
989 3328 1052 3390 exigi
1072 3327 1164 3375 solitas.

123 3400 231 3455 itiitJid.
241 3410 281 3466 11,
298 3409 342 3463 34.
690 3424 716 3468 9.
731 3411 758 3454 L.
769 3408 919 3456 Hortensius.
927 3409 1021 3455 Praetor
1029 3424 1094 3454 anno
1108 3405 1167 3461 656,

145 3499 163 3543 7.
176 3486 295 3534 Noluerit.
306 3487 393 3533 Testes
401 3487 549 3548 interrogare
558 3500 609 3532 non
654 3504 684 3534 ex
694 3498 798 3551 praetura
812 3487 918 3535 Siciliam
933 3486 1118 3534 administrarit.
1133 3515 1167 3522 -

120 3571 212 3626 muna,
227 3578 251 3614 et
264 3566 297 3614 ab
307 3567 338 3613 iis
350 3577 375 3612 te
388 3565 534 3612 contumelia
545 3563 609 3612 affici
656 3565 698 3612 Cn.
711 3564 847 3629 Pompeius.
860 3564 961 3621 Strabo,
979 3567 1063 3628 Magni
1084 3575 1168 3628 pater,

119 3635 195 3705 i¹¹1pt1ne
208 3661 292 3710 passus
301 3662 342 3700 es,
356 3647 466 3708 quamvis
485 3644 608 3706 ingenium
654 3651 720 3691 anno
731 3645 782 3692 660
794 3656 887 3708 praetor
901 3644 946 3690 suit
960 3661 988 3690 ac
1001 3644 1090 3691 Siciliae
1109 3659 1167 3706 pro·

118 3728 134 3764 et
140 3725 239 3784 peritiam
250 3736 411 3790 patronorum
422 3733 521 3771 tuorum
532 3724 608 3783 jaeta-
653 3734 754 3787 praetor.

119 3812 152 3860 tes,
163 3821 262 3867 qnorum
275 3803 381 3853 consilio
400 3803 433 3850 ite
442 3803 520 3866 egisti.
693 3818 731 3851 10.
750 3803 838 3859 Multi,
856 3803 920 3850 inter
932 3818 995 3866 quos
1009 3803 1037 3849 C.
1051 3801 1166 3864 stephan.

141 3882 161 3929 8.
179 3885 330 3949 Temporibus
344 3883 404 3946 reip.
417 3880 609 3930 Difficultatibns
656 3881 754 3929 callem.
768 3882 843 3930 beck.
856 3899 869 3928 e
882 3882 940 3930 cod.
955 3882 1086 3929 Nannieno
1098 3890 1121 3926 et
1132 3879 1169 3924 bis

116 3960 138 4004 tei
152 3962 315 4012 frumenteriae.
330 3987 364 3996 -
383 3962 475 4009 Alteroe
490 3960 607 4008 decuma.
654 3961 806 4009 orationibus
821 3962 893 4025 ipsis,
906 3961 1014 4008 Divinat.
1027 3977 1080 4022 cap.
1096 3967 1125 4016 43
1141 3957 1167 4002 in

117 4035 265 4106 lndeappmt
279 4043 367 4090 alteras
385 4056 425 4088 ees
440 4039 565 4096 decumus,
578 4039 609 4086 de
655 4043 723 4086 Verr.
743 4042 782 4099 11,
802 4042 831 4097 3,
852 4057 898 4096 ar,
918 4039 1061 4095 ediderunt,
1079 4037 1168 4084 rectius

115 4116 186 4174 quibus
198 4121 272 4181 intro,
285 4136 340 4185 esp.
351 4120 401 4181 69,
420 4118 513 4167 mentio
525 4133 608 4165 occur·
654 4119 728 4177 forte,
744 4120 769 4167 C.
783 4119 923 4168 Marcellus.
938 4121 961 4167 J.
976 4122 1006 4164 V.
1018 4121 1044 4164 L.
