2654 5220
223 745 269 829 aa
539 742 587 810 u.
615 745 653 809 r.
681 740 984 811 cressonis.

220 888 316 933 asino
339 865 446 933 tertio
466 876 501 931 te
521 862 674 932 edixisse
690 861 783 933 dieo.
807 863 898 950 Quae
915 865 944 933 si
964 861 1172 960 reipublicae
1190 886 1270 935 causa

220 972 371 1055 laceres,
404 974 441 1040 in
471 968 668 1041 vendundo
697 985 817 1042 essent
844 973 1101 1067 pronuntiata;
1128 975 1210 1070 quia
1232 989 1273 1045 tua

219 1106 325 1158 causa
339 1078 513 1161 faciebas,
530 1081 630 1177 quod
649 1096 724 1151 erat
739 1078 984 1177 imprudentia
997 1087 1275 1180 praetermissum,

220 1192 256 1260 id
272 1204 411 1286 quaestu
428 1213 470 1259 ac
484 1206 650 1288 tempore
666 1189 874 1261 admonitus
887 1186 1190 1287 reprehendisti⁸.
1203 1190 1275 1263 illud

219 1324 305 1370 vero
318 1301 377 1369 cui
390 1298 537 1396 probari
550 1300 737 1396 potestite
750 1302 829 1369 sine
841 1313 906 1369 tuo
918 1304 1277 1394 quaestu,acma1ino

219 1422 377 1504 quaestu,
405 1423 539 1478 tantam
568 1423 667 1479 tuam
695 1406 900 1493 infamiam,
921 1423 1065 1479 tantum
1090 1412 1218 1509 capitis
1241 1414 1276 1483 tui
1318 1452 1320 1459 ·

219 1518 525 1615 fortunarumque
550 1517 753 1616 periculum
776 1519 994 1615 neglexisse3
1016 1534 1078 1606 ut,
1103 1547 1220 1618 quum
1237 1536 1276 1593 to

218 1633 289 1700 tius
304 1629 429 1699 Siciliae
448 1628 614 1725 quotidie
628 1634 783 1726 gemitus
796 1629 1120 1727 querimoniasque
1133 1630 1274 1713 audires

213 1763 352 1835 quum,
379 1754 419 1810 ut
442 1742 518 1836 ipse
540 1739 679 1825 dixisti,
701 1763 804 1810 reum
831 1752 866 1808 te
891 1730 974 1809 ford
993 1754 1162 1835 putares;
1180 1764 1273 1838 quun

218 1848 371 1944 hujusce
398 1847 524 1945 judicii
553 1849 748 1920 discrimen
774 1847 820 1919 ab
843 1851 1016 1946 opinione
1043 1864 1107 1921 tua
1133 1876 1207 1922 non
1226 1849 1271 1921 alr

218 1960 411 2031 horreret:
442 1974 605 2057 paterere
632 1973 752 2029 tamen
780 1973 939 2029 aratores
960 1956 1215 2055 indignissimis
1233 1960 1269 2029 in·
1318 2004 1320 2025 ;

214 2070 318 2163 juriis
342 2070 462 2138 vexari
487 2093 528 2138 ac
554 2066 683 2166 diripi?
706 2066 892 2154 Proiecto,
912 2092 1136 2165 quamquam
1161 2074 1268 2141 essin·

215 2178 330 2276 gulari
363 2177 576 2247 crudelitate
605 2192 641 2247 et
672 2176 840 2265 audacia,
870 2193 989 2249 tamen
1021 2178 1087 2249 abs
1115 2194 1151 2251 te
1177 2194 1266 2251 totam

216 2288 363 2359 alienari
384 2290 628 2386 provinciam,
648 2302 702 2358 tot
719 2288 887 2359 homines
907 2286 1207 2361 honestissimos⁹
1219 2286 1265 2361 tib'

215 2400 479 2469 inimicissimos
500 2395 579 2468 fieri
602 2398 736 2482 nolles,
753 2399 822 2469 nisi
840 2397 933 2467 hanc
951 2401 1152 2485 rationem,
1173 2413 1207 2469 et
1222 2420 1265 2469 oo·

213 2511 424 2607 gitationem
440 2508 564 2580 salutis
580 2523 670 2589 tuae,
686 2504 846 2603 pecunia}
862 2504 1060 2603 cupiditas,
1074 2531 1117 2577 uc
1132 2526 1264 2604 presens

214 2619 273 2689 illa
298 2619 416 2716 praeda
438 2634 636 2716 superaret.

262 2730 422 2814 Etenim,
447 2730 618 2825 quoniam
649 2753 827 2798 summam
855 2743 891 2798 et
917 2753 1113 2799 numerum
1143 2730 1263 2825 injuria·

212 2862 312 2925 rum,
324 2837 480 2933 judices,
495 2837 598 2908 vobis
613 2864 688 2909 riou
703 2863 850 2937 possum
865 2863 1068 2936 exponerr3
1083 2838 1264 2937 singillatim

212 2962 332 3019 autem
350 2946 394 3017 tle
411 2950 696 3046 uniuscujusque
718 2950 950 3020 incommodo
965 2948 1087 3021 dicere
1102 2950 1264 3021 inlinitum

213 3074 290 3130 est:
308 3083 441 3155 genera
458 3060 536 3157 ipsa
549 3062 784 3154 injuriarum,
804 3084 948 3157 quassu,
967 3064 1187 3156 cognoscite.
1318 3134 1320 3157 ἰ

259 3174 354 3241 XXI.
379 3170 550 3268 Nympho
576 3185 629 3240 cst
653 3173 935 3265 Centuripinus,
966 3167 1079 3240 homo
1110 3192 1220 3240 navus
1241 3174 1268 3233 el

210 3281 424 3365 industrius,
440 3283 770 3378 experientissimus
784 3306 824 3350 ac
839 3279 1134 3375 diligentissimus
1151 3295 1267 3352 arator·

210 3395 243 3460 ls
262 3415 378 3486 quum
397 3394 577 3462 arationes
594 3416 741 3486 magnas
761 3392 980 3461 coutluctns¹
1000 3389 1151 3463 liaberet
1163 3379 1271 3488 (quotl

208 3500 374 3570 homines
393 3504 500 3571 etiam
519 3502 738 3598 locupletes,
757 3505 850 3583 sicut
869 3501 928 3571 ille
945 3516 1020 3586 est,
1042 3503 1080 3571 in
1099 3502 1218 3572 Sicilia
1229 3499 1272 3570 la·

207 3636 287 3682 cere
310 3610 620 3704 consueverunt),
642 3637 774 3709 easque
799 3636 929 3707 magna
950 3612 1130 3708 impensa,
1150 3632 1277 3709 magno

205 3722 446 3790 instrumento
464 3733 654 3792 tueretur²
676 3749 683 3788 ε
713 3736 813 3793 tanta
840 3720 887 3792 ab
916 3724 984 3791 isto
1000 3723 1194 3818 iniquitate
1216 3748 1279 3821 ope

205 3855 351 3929 pressus
367 3845 439 3915 est,
461 3847 503 3901 ut
525 3857 598 3902 non
619 3831 730 3902 modo
753 3833 932 3903 arationes
951 3829 1197 3927 relinqueret,
1219 3826 1281 3903 sed

205 3943 313 4012 etiam
345 3966 388 4010 ex
420 3941 538 4011 Sicilia
567 3941 803 4039 profugeret,
835 3946 1062 4038 Romamque
1094 3966 1168 4013 una
1199 3969 1281 4013 cum

239 4140 265 4185 8.
277 4135 469 4199 deprehendisti.
479 4128 556 4201 Quasi
566 4139 614 4186 boc
625 4155 637 4185 a
647 4149 671 4186 te
683 4139 720 4186 lu·
764 4138 855 4189 Nullus
870 4148 951 4187 sutem
972 4137 1029 4185 cod.
1048 4138 1142 4191 hebet.
1167 4151 1283 4188 monente

204 4218 284 4279 gissct.
308 4214 439 4278 Eleganter
463 4233 476 4264 s
502 4217 613 4281 lugitivis
642 4219 718 4265 servis
763 4219 880 4266 adversus
892 4220 1023 4266 Gruterum
1037 4219 1145 4265 Graevio.

201 4297 351 4345 translatum.
370 4297 409 4343 Sic
427 4296 494 4359 apud
507 4298 564 4343 Ter.
580 4297 715 4344 «mennam
798 4299 871 4345 xxi.
889 4314 911 4345 r.
932 4296 1079 4344 Conducms.
1091 4299 1178 4359 Quum
1189 4300 1285 4348 multos

202 4377 330 4436 fugitivum
344 4386 472 4438 argentum
483 4399 504 4422 n.
761 4394 833 4442 agros
847 4376 965 4425 colendos
983 4378 1137 4440 suscepisset.

235 4471 260 4515 9.
280 4457 344 4504 Olim
369 4454 425 4504 lon.
450 4472 481 4502 ac
505 4455 712 4518 locupletissimos.
798 4473 820 4504 a.
838 4459 961 4504 Terretur.
985 4457 1078 4520 Magno
1093 4468 1196 4520 sumptu
1210 4470 1236 4508 et
1256 4460 1286 4521 tt,
