2654 5220
138 798 183 879 n
230 839 237 851 1
460 793 508 860 Μ.
535 794 572 858 r.
601 793 885 865 emenonis

185 920 297 989 XVII.
327 919 378 985 An
403 912 469 982 tibi
497 913 603 983 unius
628 916 753 1000 anni¹,
778 930 842 985 aut
865 914 1006 987 biennii
1031 938 1060 984 re

136 1027 256 1100 benda
283 1025 370 1106 fuit;
396 1024 491 1093 salus
517 1026 732 1119 provinciae,
756 1024 949 1096 commoda
975 1023 1060 1095 reil

137 1137 251 1222 tariae,
271 1135 363 1205 ratio
381 1131 588 1230 reipublicae
604 1137 642 1203 in
661 1145 871 1231 posterum²
887 1132 956 1206 fuit
973 1134 1055 1231 negl

73 1330 80 1345 st
137 1242 252 1344 quum
277 1245 323 1314 ita
346 1267 424 1314 rem
450 1246 682 1314 constitutam
706 1248 922 1345 accepisses,
944 1260 987 1315 ut
1009 1259 1047 1316 et

136 1379 288 1427 romano
312 1356 396 1425 satis
424 1350 600 1425 frumenti
626 1379 670 1424 ex
700 1355 817 1427 Sicilia
842 1355 1060 1453 suppeditari

136 1464 338 1536 aratoribus
350 1480 471 1535 tamen
482 1489 602 1549 arare,
618 1479 729 1562 atque
739 1491 841 1564 agros
853 1467 973 1537 colere
987 1490 1058 1563 exp

137 1575 234 1668 Quid
267 1571 439 1646 effecisti?
467 1574 555 1671 quid
582 1591 798 1673 assequutus
824 1577 886 1647 es?
910 1580 959 1646 Ut
982 1600 1058 1674 pop

136 1711 246 1758 mano
256 1741 266 1772 ,
278 1699 434 1783 praetore
448 1699 502 1772 te,
523 1686 644 1755 nescio
660 1684 747 1782 quid
766 1685 811 1756 ad
828 1685 998 1757 decumas
1011 1710 1060 1756 ac«

136 1795 352 1868 deserendas
381 1797 559 1866 arationes
586 1795 917 1894 relinquendasque
947 1808 1060 1867 curast

135 1908 241 1979 cessit
267 1904 335 1977 tibi
363 1909 403 1975 L.
422 1905 611 1976 Metellus.
644 1909 698 1975 Tu
723 1907 967 1990 innocentior,
994 1928 1060 2001 qua

126 2017 266 2089 tellus?
296 2032 335 2087 tu
368 2013 483 2086 laudis
517 2030 554 2086 et
583 2014 734 2085 honoris
768 2014 959 2112 cupidior?
989 2013 1057 2084 tibi

136 2128 345 2197 consulatus
374 2121 618 2221 querebatur,
647 2124 794 2195 Metello
824 2139 997 2223 paternus
1025 2123 1060 2194 bt

135 2238 249 2307 avitus
281 2234 558 2332 negligebatur:
588 2234 705 2306 multo
734 2236 883 2304 minoris
918 2233 1060 2305 vendidi

135 2346 267 2434 mod0,
288 2370 397 2443 quam
418 2360 479 2433 tu,
500 2344 560 2415 sed
583 2346 710 2433 etiam,
733 2369 841 2441 quam
865 2346 930 2441 qui
952 2357 1037 2414 ante

53 2540 56 2545 .
136 2457 319 2529 diderunt.
352 2459 506 2546 Quaero,
539 2457 567 2526 si
593 2456 672 2553 ipse
701 2456 908 2552 excogitare
937 2480 1013 2525 non
1046 2478 1060 2553 Ι

100 2554 103 2562 ’
135 2565 444 2663 quemadmodum
465 2566 752 2662 quamplurimo
776 2564 967 2649 venderet;
987 2590 1032 2634 ne
1052 2580 1060 2634 1

135 2674 217 2747 dem
241 2681 399 2746 recentia
423 2677 577 2773 proximi
603 2681 764 2772 praetoris
783 2677 929 2772 vestigia
949 2700 1060 2774 perse«

136 2800 247 2873 terat,
268 2801 309 2856 ut
333 2788 404 2856 tuis
429 2785 627 2883 praeclaris,
656 2785 720 2856 abs
746 2801 780 2857 te
807 2787 971 2884 principe
993 2789 1060 2856 inv-

136 2896 345 2993 excogitatis
363 2894 507 2979 edictis,
526 2911 635 2992 atque
655 2898 828 2966 institutis
843 2898 1028 2968 uteretur?
1042 2899 1060 2968 Ι

135 3019 213 3075 tum
232 3029 270 3075 se
288 3003 502 3076 Metellum⁵
525 3007 673 3076 minime
692 3005 769 3077 fore
790 3021 969 3103 putasset,
986 3010 1060 3078 site

134 3141 173 3186 re
202 3119 361 3187 imitatus
384 3131 501 3186 esset:
525 3119 590 3213 qui
615 3116 661 3187 ab
687 3117 779 3188 urbe
803 3122 937 3203 Roma,
967 3119 1060 3213 quot*

132 3250 310 3321 umquam
333 3241 415 3322 post
437 3225 628 3296 hominum
652 3229 862 3298 memoriam
882 3227 984 3313 lecit,
1007 3254 1058 3325 qu

134 3337 171 3404 in
192 3337 416 3432 provinciam
440 3335 743 3432 proficiscendum
766 3352 928 3436 putaret,
950 3337 1060 3408 literm

134 3446 221 3515 ciliae
246 3449 404 3517 civitates
431 3450 546 3529 misit,
572 3473 636 3546 per
661 3473 751 3545 quas
774 3448 939 3519 hortatur
965 3464 1001 3518 et
1025 3474 1060 3520 re

169 3709 250 3755 xvn.
261 3724 284 3756 r.
295 3709 371 3756 Unius
379 3708 447 3756 anni.
458 3710 554 3758 illudne
564 3711 643 3759 solum
689 3709 875 3774 amplificando,
895 3714 943 3761 hoc
962 3716 1060 3763 studeba

132 3786 178 3834 tibi
190 3786 238 3835 fnit
248 3789 408 3853 cogitandum
418 3800 446 3836 nt
455 3788 557 3855 vectigal
571 3806 644 3854 qmm
690 3793 752 3838 rium
769 3790 930 3855 locupletaret
943 3805 968 3841 et
980 3795 1055 3842 inires

133 3868 239 3915 maxime
264 3868 442 3934 amplificarem
467 3870 493 3919 iu
519 3882 643 3934 posterum
689 3870 838 3932 populo‚ut
851 3888 896 3935 per
909 3890 964 3920 eum
979 3875 1060 3922 aditus

132 3956 212 3994 antam
230 3947 293 3997 nihil
310 3950 376 3997 unde
390 3950 453 3998 solvi
472 3962 554 4015 possm
573 3950 645 3997 relin-
689 3949 765 3996 latum
777 3962 918 4013 patoret3at
929 3955 1060 4002 saneMete

133 4029 264 4090 queretur?
303 4044 305 4051 ·
690 4029 803 4077 studebat
817 4032 927 4078 aerarium
941 4033 1060 4097 locupleta

168 4123 193 4154 a.
206 4109 237 4153 ln
248 4120 382 4172 posterum.
393 4110 514 4158 Graeviani
531 4110 606 4157 codd.
622 4120 646 4156 et
692 4119 788 4157 tomum
808 4110 949 4175 avitumque
972 4113 1060 4160 bonon

131 4186 245 4234 nonnulli
256 4189 356 4252 regii,in
365 4190 542 4252 posteritatem.
552 4191 610 4237 w.
618 4192 644 4234 L.
690 4200 813 4250 queretur.
828 4192 906 4238 Porro
920 4192 1015 4240 Metelli
1025 4206 1060 4257 par

168 4267 192 4313 3.
206 4267 348 4332 Expedit-et.
363 4270 426 4330 Quin
436 4270 493 4316 satis
501 4269 576 4332 ampli
586 4283 644 4314 suo·
691 4268 762 4316 tellus
772 4269 922 4317 Dalmaticus
936 4282 958 4317 et
971 4289 1032 4319 avus
1046 4274 1060 4331 ζ

131 4361 185 4392 rum
203 4346 314 4395 laborum
329 4349 423 4395 fructus
436 4348 466 4394 iis
487 4348 558 4395 etiam
571 4346 642 4393 relin-
689 4349 865 4397 Macedonicus
876 4351 989 4399 consules
1000 4353 1060 4400 luera

130 4424 281 4484 qnebantnr3
293 4426 382 4489 quibus
393 4428 466 4473 vium
477 4426 616 4473 tolerarent.
726 4429 748 4473 5.
763 4430 792 4475 Sa
803 4429 935 4478 Metellum.
956 4433 987 4478 Se
1001 4443 1060 4480 nun

166 4511 189 4557 t.
208 4506 260 4553 Tibi
279 4505 349 4553 enim.
367 4506 445 4553 lronia
460 4517 503 4553 est.
524 4508 642 4553 Decumat
689 4507 731 4553 bili
747 4509 847 4556 nornine
858 4509 994 4573 indignum.
