2670 4838
295 390 354 461 IN
377 389 602 460 VERREM
626 390 734 460 ACT.
751 390 811 475 ΙΙ,
835 387 934 458 LIB.
952 389 1022 458 111.
1153 416 1193 489 ¹7

127 518 256 612 gritas,
273 514 337 610 qui
354 511 400 583 ad
418 511 514 583 hanc
531 536 610 582 rem
629 512 907 593 adolescentuli,
920 535 1031 609 quam
1046 514 1110 610 qui
1124 515 1198 610 jarn

127 623 269 696 firmata
287 637 391 694 aetate
405 621 643 693 descendunt.
661 620 716 692 llli
731 623 845 705 enim,
862 635 1057 719 antequam
1075 636 1200 720 potue-

128 748 216 805 runt
236 734 457 820 existimare,
478 745 618 828 quanto
637 730 786 802 liberior
809 730 880 800 vita
901 730 947 800 sit
967 754 1117 813 eorum,
1137 735 1202 828 qui

129 846 314 916 neminem
331 844 549 927 accusarint,
561 840 684 937 gloriae
696 865 804 912 causa
822 855 933 936 atque
948 843 1202 915 ostentationis

131 970 302 1026 accusant
315 981 323 1023 ε
337 976 423 1041 nos,
441 953 507 1048 qui
519 953 612 1046 jam,
628 965 664 1021 et
679 949 770 1048 quid
783 948 921 1038 lacere,
936 964 972 1021 et
985 952 1203 1046 quantulum

129 1062 292 1159 judicare
315 1083 521 1160 possemus,
541 1057 768 1131 ostendimus
781 1068 824 1143 ¹²,
847 1059 915 1128 nisi
938 1056 1041 1130 lacile
1063 1061 1205 1158 cupidi-

134 1188 224 1245 tates
260 1187 401 1245 nostras
430 1185 661 1254 teneremus,
693 1191 895 1265 numquam
926 1169 1070 1266 ipsimet
1100 1169 1207 1241 nobis

134 1282 409 1380 praecideremus
430 1279 536 1350 istam
555 1276 1034 1373 licentiam'libertatemque
1051 1279 1206 1350 vivendi.
1282 1294 1291 1309 “

180 1376 228 1463 ll.
253 1394 372 1488 Atque
398 1387 469 1459 hoc
491 1412 559 1485 ego
584 1387 668 1486 plus
694 1389 815 1458 oneris
834 1385 953 1456 habeo
966 1398 991 1473 ¹,
1010 1412 1120 1483 quam
1141 1391 1207 1486 qni

137 1515 274 1573 ceteros
290 1512 506 1571 accusarunt
521 1497 576 1593 (si
590 1523 683 1569 onus
697 1512 751 1569 est
765 1495 801 1567 id
815 1496 1089 1594 appellandum,
1105 1501 1207 1597 quod

139 1635 219 1681 cum
234 1610 356 1681 latitia
370 1607 462 1679 feras
473 1631 514 1677 ac
528 1607 714 1704 voluptate
724 1606 754 1701 );
769 1618 1040 1677 verumtamcn²
1056 1607 1127 1680 hoc
1139 1635 1208 1707 ego
1274 1699 1276 1703 .

139 1720 291 1816 amplius
309 1722 471 1815 suscepi,
489 1740 598 1813 quarn
619 1718 747 1788 ceteri:
764 1714 864 1812 quod
879 1717 928 1785 ita
943 1719 1147 1812 postulatur
1161 1720 1208 1791 ab

139 1826 325 1915 omnibus,
349 1841 390 1898 ut
416 1824 462 1897 ab
490 1828 532 1897 iis
557 1851 595 1897 se
622 1824 826 1898 abstineant
851 1829 1008 1899 maxime
1033 1833 1147 1916 vitiis,
1170 1833 1207 1901 in

139 1937 271 2035 quibus
298 1938 451 2009 alterum
476 1935 788 2034 reprehenderint.
815 1942 945 2008 Furem
968 1938 1126 2035 aliquem
1146 1956 1209 2015 aut

139 2074 303 2146 rapacem
334 2048 533 2119 accusaris?
559 2044 704 2117 vitanda
730 2045 797 2117 tibi
825 2071 968 2144 semper
995 2054 1062 2119 erit
1088 2054 1207 2123 omnis

141 2160 293 2231 avaritiae
320 2158 488 2255 suspicio.
521 2154 727 2227 Maleficum
761 2160 966 2255 quempiam
996 2157 1207 2245 adduxeris,

140 2282 198 2339 aut
217 2267 427 2365 crudelem?
447 2265 648 2337 cavendum
667 2267 734 2336 erit
756 2289 910 2363 semper,
935 2293 981 2339 ne
1007 2295 1079 2366 qua
1103 2273 1142 2342 in
1167 2298 1206 2344 re

141 2380 300 2477 asperior
313 2391 377 2448 aut
389 2375 623 2447 inhumanior
636 2374 745 2447 luisse
758 2373 911 2447 videare.
926 2380 1207 2476 Corruptorem,

140 2485 342 2558 adulterum
355 2485 370 2555 Ρ
385 2482 652 2584 providendum
673 2483 875 2581 diligenter,
896 2488 1060 2584 nequod
1078 2493 1116 2560 in
1135 2493 1209 2565 vita
1278 2503 1281 2513 “

140 2597 329 2693 vestigium
354 2594 517 2667 libidinis
539 2609 721 2692 appareat.
747 2599 878 2666 Omnia
901 2613 1104 2695 postremo,
1125 2628 1206 2699 quae

138 2705 331 2777 vindicaris
359 2708 397 2775 in
426 2704 558 2789 altero,
588 2702 655 2776 tibi
683 2707 752 2803 ipsi
779 2705 1012 2779 vehementer
1039 2708 1209 2807 fugienda

138 2829 235 2887 sunt.
257 2815 402 2885 Etenim
421 2838 497 2884 non
516 2814 627 2884 modo
646 2829 839 2898 accusator,
857 2815 921 2886 sed
935 2842 981 2887 ne
996 2816 1210 2916 objurgator

139 2924 289 3023 quidem
317 2920 490 2995 ferendus
513 2938 567 2994 est
586 2925 635 3012 is,
662 2925 743 3021 qui,
765 2925 866 3021 quod
885 2925 923 2994 in
948 2925 1061 2998 altero
1081 2931 1209 3002 vitium

137 3032 397 3132 reprehendit,
417 3036 456 3103 in
475 3057 519 3104 eo
541 3034 617 3130 ipse
636 3031 956 3131 deprehenditur3.
980 3041 1056 3134 Ego
1075 3044 1112 3110 in
1132 3066 1209 3112 uno

137 3142 290 3213 homine
306 3142 431 3222 omnia
449 3143 554 3230 vitia,
575 3166 655 3238 quae
674 3159 828 3240 possunt
845 3147 882 3215 iu
903 3145 1050 3218 homine
1066 3150 1210 3248 perdito

137 3352 195 3400 duo
207 3352 281 3400 Paria.
291 3352 446 3417 pmcipitur,
461 3353 529 3416 quod
539 3349 655 3402 Gulielin.
700 3351 731 3402 ab
743 3353 881 3404 adversario
894 3357 1061 3423 impugnatam
1074 3363 1148 3410 vitam
1161 3363 1210 3428 ipsi

134 3434 191 3493 jana
205 3430 231 3478 ia
239 3434 361 3496 excerptis
371 3433 491 3498 uinorpti
501 3432 655 3496 probaverat.
700 3433 773 3484 nobie
785 3434 971 3497 ademiasemua,
985 3439 1033 3487 nial
1051 3441 1122 3489 lacile
1140 3443 1211 3506 cupi·

138 3511 246 3574 Recepit
259 3510 335 3560 Beck.
346 3512 395 3558 lroc
408 3527 479 3559 semu
491 3527 498 3560 z
509 3512 656 3576 Intelligitur
700 3513 818 3562 ditatibur
830 3515 1010 3579 imperaremua.

137 3601 215 3640 antea
227 3590 305 3653 qualia
321 3606 406 3639 eorum
419 3590 499 3638 virtut
517 3591 599 3639 futura
615 3591 655 3638 cit.
736 3594 769 3640 11.
790 3609 812 3641 r.
823 3594 934 3642 Lambin.
947 3595 1046 3656 conjicit
1059 3599 1142 3647 subeo.
1155 3603 1214 3647 Fra·

137 3680 175 3722 At
190 3668 255 3715 enirn
275 3669 307 3716 de
318 3669 444 3734 presenti,
463 3684 515 3716 non
528 3668 559 3716 de
576 3669 658 3716 lutura
702 3682 758 3730 stra,
768 3688 844 3735 quum
853 3672 940 3720 eodem
952 3675 1028 3724 modo
1041 3678 1213 3736 Verr.V,15‚

137 3752 234 3798 virtute
242 3747 432 3797 adolescentium
440 3750 529 3812 agitur.
540 3746 657 3796 Stcndum
702 3752 737 3798 sic
746 3751 872 3815 loquutus.

136 3842 206 3892 ergo
217 3826 328 3891 vulgate.
739 3846 762 3877 2.
781 3830 960 3885 Verrrnrtamm.
974 3831 1096 3880 Uritatuna
1112 3833 1213 3884 verbum

181 3919 225 3952 ra.
239 3905 400 3954 Ostendimus.
413 3907 466 3955 Noa
479 3909 521 3972 qni
531 3908 580 3968 jam
590 3924 660 3956 mon·
704 3907 871 3972 superioribus
884 3910 1007 3959 iterandis.

137 3983 351 4048 suaviumque
365 3996 390 4033 et
398 3988 425 4032 in
437 3997 489 4035 tota
500 3987 557 4035 ritae
568 3987 661 4035 ratione
741 3985 976 4050 coepulantur.
991 3991 1025 4039 Ut
1042 3991 1107 4039 enim
1126 3993 1161 4038 ait
1174 3994 1220 4042 Ja-

136 4078 166 4114 ει
183 4062 283 4124 jndicio
299 4080 327 4112 ac
345 4075 425 4114 mente
444 4078 559 4131 proeatare
573 4067 661 4131 'poste
706 4065 811 4121 venalis,
832 4065 915 4126 aQnia
937 4068 1020 4117 tulerit
1041 4069 1166 4118 Gracchos
1188 4073 1220 4122 d·

139 4157 358 4207 12⁰⁸,QO
370 4145 432 4193 hane
445 4144 546 4193 liberam
556 4158 580 4193 et
592 4144 662 4194 nullo
708 4144 828 4193 seditione
842 4149 985 4208 querentes?
996 4169 1008 4188 ·

247 4233 292 4300 Il.
317 4248 361 4293 cte.
372 4263 428 4308 perr
439 4248 546 4294 secunda.
587 4286 590 4292 .
1081 4261 1100 4304 2
