2670 4838
99 377 141 424 η
494 360 758 461 εΥΝορειε.

137 476 219 536 ribus
243 479 356 537 solvere
377 477 528 547 debuerit,
551 460 638 540 certis
655 479 822 540 nominibus
837 478 1028 538 deductiones
1048 480 1163 550 secisse3

138 575 265 653 primum
275 594 330 653 pro
339 577 520 653 spectatione
528 591 557 635 et
565 577 696 655 collyb03
705 577 810 635 deinde
819 577 923 635 cerarii
932 578 1060 647 nomine,
1075 579 1162 635 tertio

135 670 238 729 scribae
258 671 374 728 nomine
393 670 470 730 binis
493 674 737 752 quinquagesimis
757 672 907 743 detractis,
925 674 972 745 78,
990 693 1037 748 79.
1068 671 1161 749 quue

136 765 239 826 scribis
261 786 429 826 concessum
445 788 508 828 esse
530 791 612 849 reque
627 772 789 850 improbat,
816 784 903 847 atque
921 770 1002 827 iilum
1023 769 1162 827 annulum

136 882 275 936 aureum,
290 882 350 940 quo
360 870 464 924 Verres
479 866 603 926 scribam
614 887 699 926 suum
711 868 741 925 in
753 866 893 924 concione
906 864 1079 935 donaverat,
1093 867 1141 924 80.

174 959 273 1018 Tertia
287 980 355 1038 pars
368 962 507 1020 orationis
515 964 614 1022 Verris
624 965 703 1022 furta
716 964 745 1021 in
750 948 899 1036 frumento
910 965 1050 1019 (estimato
1060 982 1162 1039 perse-

137 1055 245 1137 quitur.
266 1060 311 1114 Ex
332 1059 580 1117 senatusconsulto
607 1073 636 1118 et
655 1058 820 1137 exlegibus
841 1059 1017 1116 frumentum
1030 1058 1115 1115 Verri
1132 1058 1163 1115 in

137 1150 238 1237 celiam
246 1171 360 1211 sumere
368 1152 486 1225 licebat3
496 1154 585 1232 idque
596 1157 772 1213 trumentum
784 1167 901 1212 senatus
909 1155 950 1212 ita
961 1154 1163 1221 estimaverat,

137 1249 285 1323 quaternis
292 1250 865 1330 fl-s(82centes.)iriucimodium,hinis
875 1250 1094 1310 hordeiverrcs
1103 1251 1170 1329 pri*

137 1361 217 1401 mum
228 1363 381 1404 numerum
392 1346 428 1404 ad
443 1367 584 1406 summam
595 1349 683 1407 tritici
694 1347 814 1425 adjecit,
830 1346 934 1405 deinde
950 1347 1037 1406 tritici
1050 1346 1164 1406 modios

136 1439 263 1517 singulos
271 1461 337 1499 cum
346 1443 509 1502 aratoribus
519 1443 645 1504 denariis
655 1446 758 1517 ternis,
767 1445 797 1503 id
805 1452 866 1515 est,
876 1442 1017 1501 duodenis
1026 1443 1163 1501 sestertiis

134 1536 296 1595 aestimavit.
310 1539 445 1598 Jamshoc
459 1540 577 1618 quidem
599 1542 701 1600 Cicero
719 1562 779 1599 non
798 1539 997 1616 reprehendit,
1018 1559 1084 1597 eum
1101 1540 1164 1597 irn-

134 1646 263 1692 mentum
276 1635 355 1712 quod
367 1636 397 1692 in
411 1637 512 1694 celiam
526 1639 601 1696 sumi
613 1651 763 1715 oporteret
776 1638 948 1708 aestimasse,
965 1649 994 1694 et
1007 1636 1161 1714 pecuniam

136 1748 191 1807 pro
205 1730 350 1789 frumento
359 1732 526 1805 abstulisse,
539 1734 614 1792 hanc
625 1734 701 1792 enim
715 1737 856 1793 rationem
867 1731 904 1791 ab
915 1747 1029 1792 aratore
1037 1733 1164 1811 primum

137 1827 298 1903 proiectam
312 1847 383 1897 esse,
393 1843 442 1887 aut
455 1828 491 1888 ab
505 1850 539 1888 ea
550 1831 681 1900 civitate,
697 1831 745 1889 eui
757 1830 814 1888 hoc
824 1830 1000 1888 frumentum
1015 1829 1046 1887 in
1059 1828 1162 1886 celiam

136 1921 345 2000 imperaretur,
359 1945 449 2002 quum
459 1938 510 1983 aut
519 1927 694 1984 frumentum
707 1924 898 1998 vendidisset,
909 1938 958 1982 nut
971 1945 1086 1983 servare
1099 1925 1164 1981 rei-

138 2019 191 2090 iet,
203 2035 254 2079 aut
267 2021 297 2078 in
309 2041 376 2079 eum
387 2022 500 2094 locum,
514 2042 573 2099 quo
588 2021 795 2101 imperabatur,
807 2034 926 2101 portare
940 2021 1049 2092 noiiet;
1063 2022 1163 2097 itaque

136 2115 173 2175 ab
183 2117 217 2177 iis
233 2117 354 2195 petitum
367 2138 427 2177 csse
442 2119 471 2176 in
482 2118 616 2177 beneficii
628 2120 745 2189 ioco,ut
756 2117 812 2177 sibi
826 2138 881 2196 pro
896 2118 1162 2195 frumento,qunuti

74 2288 84 2299 ⁸
137 2213 314 2272 frumentum
330 2228 405 2273 esset
420 2214 489 2273 dare
504 2217 613 2274 liceret.
629 2217 687 2276 Sed
698 2216 797 2274 Verris
810 2217 921 2274 crimen
937 2235 972 2272 ex
986 2234 1021 2272 co
1037 2213 1167 2292 pendere

138 2309 223 2378 dicit,
245 2310 325 2388 quod
348 2311 385 2369 ab
408 2312 587 2384 aratoribus,
611 2332 701 2390 quum
722 2314 787 2371 H-S
812 2311 901 2370 ternis
925 2310 1012 2368 tritici
1031 2309 1162 2367 modium

139 2405 265 2464 vendere
280 2426 338 2465 nou
351 2414 596 2486 possent,Verres
610 2408 794 2486 injustissima
807 2407 994 2466 estimatione
1008 2405 1046 2464 ab
1062 2405 1096 2463 iis
1110 2426 1166 2483 pro

140 2500 259 2580 singulis
275 2503 379 2561 modiis
395 2517 491 2561 ternos
505 2503 656 2572 denarius,
669 2503 698 2561 id
711 2518 767 2575 cst,
784 2507 842 2561 H·S
859 2500 1010 2560 duodenos
1021 2503 1166 2578 exigeret,

140 2599 187 2670 δι,
203 2600 250 2656 82.
270 2606 372 2678 Neque
385 2619 456 2658 vero
470 2605 588 2658 Verrem
602 2602 698 2659 dicere
714 2620 798 2678 posse
812 2600 877 2657 ilios
895 2612 1024 2657 aratores
1040 2611 1167 2656 vecturae

140 2694 310 2754 difficultate
321 2696 462 2755 adductos
475 2710 572 2755 ternos
585 2696 720 2755 denarios
729 2696 798 2754 dare
808 2697 950 2754 maluisse.
958 2699 1031 2753 Nam
1043 2714 1098 2751 nec
1109 2695 1167 2752 aiio

138 2792 313 2868 portandum
328 2794 430 2865 fuisse,
448 2807 478 2852 et
492 2795 522 2851 in
534 2795 647 2865 Sicilia,
659 2813 718 2870 quo
729 2793 852 2870 quisque
868 2793 1044 2850 frumentum
1058 2790 1167 2850 vehere

137 2889 235 2965 jussus
249 2904 339 2963 esset,
364 2890 406 2950 ibi
427 2890 565 2949 tantidem
588 2891 765 2949 frumentum
784 2909 880 2947 emere
901 2890 1045 2966 potuisse,
1065 2890 1168 2964 quanti

139 2985 218 3044 domi
231 2986 422 3059 vendidisset,
439 2989 490 3058 83,
507 2989 554 3055 84.
577 2992 735 3045 Immunem
752 2988 840 3064 igitur
854 2985 1017 3045 aratoribus
1032 2983 1167 3060 injuriam

141 3082 246 3141 factam
259 3104 331 3154 esse,
343 3083 422 3160 quod
432 3090 548 3155 Verres,
558 3104 645 3161 quam
658 3085 811 3163 pecuniam
823 3095 1001 3161 acceperata
1015 3096 1117 3139 senatu
1130 3082 1168 3139 ed

138 3179 314 3239 frumentum
325 3184 355 3237 in
365 3181 465 3238 celiam
477 3180 646 3253 emendum,
655 3182 822 3251 retinuerit,
837 3193 867 3238 et
880 3180 999 3256 iusuper
1013 3179 1168 3256 mertniam

138 3275 176 3334 ab
190 3276 354 3336 aratoribus
370 3279 512 3356 exegerit,
530 3278 634 3351 85-87.
651 3282 727 3337 Tum
742 3275 905 3335 ostenditur
918 3296 978 3333 non
993 3295 1080 3353 posse
1090 3279 1169 3333 Ver-

141 3393 201 3430 rem
222 3373 277 3431 huc
296 3373 408 3431 ratione
424 3373 569 3444 excusari,
590 3373 670 3451 quod
684 3373 733 3431 alii
748 3373 824 3431 idem
841 3371 978 3439 fecerint,
992 3372 1040 3428 88.
1067 3376 1171 3447 Neque

141 3483 236 3527 temen
256 3469 341 3546 piena
357 3467 502 3546 diguitatis
518 3481 547 3527 et
567 3470 745 3527 auctoritatis
766 3468 898 3546 exempla
914 3467 1046 3545 priorum
1060 3481 1172 3544 praeto-

142 3579 205 3617 rum
225 3559 352 3638 proferri
368 3580 467 3638 posse,
485 3561 537 3637 qui
553 3560 627 3618 hanc
647 3561 788 3618 rationem
811 3560 840 3617 in
863 3560 1008 3617 frumento
1029 3560 1173 3617 aestimato

142 3657 294 3715 tenuerint.
305 3662 403 3716 Unum
413 3662 455 3714 M.
468 3658 587 3715 Antonii
598 3659 705 3716 sactum
714 3657 787 3714 nihil
798 3655 835 3714 ad
848 3653 1044 3714 excusandum
1055 3655 1173 3723 valere,

141 3774 231 3832 quum
250 3755 278 3812 ei
296 3752 394 3832 potius
411 3755 606 3832 perniciosum
625 3755 662 3812 sit
682 3754 779 3812 dicere
796 3775 827 3812 se
850 3754 880 3810 in
903 3773 935 3810 re
954 3751 1172 3830 improbissima

142 3851 266 3909 voluisse
282 3855 359 3909 hunc
375 3852 534 3910 Antonium
550 3851 667 3911 imitari.
683 3851 869 3912 Sacerdotem
885 3863 980 3908 autem
994 3863 1023 3907 et
1036 3853 1102 3912 Sex.
1115 3856 1174 3909 Pe·

142 3947 275 4005 ducaeum
289 3947 360 4005 nihii
376 3947 468 4005 simile
482 3947 598 4019 fecisse,
614 3948 714 4024 8993.
735 3948 868 4024 Denique
884 3946 987 4004 Cicero
1003 3946 1173 4016 contendit,

143 4045 164 4099 si
186 4044 294 4102 crimen
316 4043 373 4129 iroc
389 4042 425 4101 ad
447 4043 544 4121 piures
562 4042 724 4121 pertineat,
746 4043 775 4101 id
797 4042 973 4120 ubicumque
989 4042 1097 4100 sactum
1120 4043 1174 4111 sit,
