2654 5220
76 11 1322 505 -q

217 766 263 837 26
540 770 588 837 Μ.
615 770 653 838 Τ.
681 770 962 841 CICERONIS

214 890 291 959 sine
310 902 457 961 senatus
476 887 706 975 auctoritate,
724 888 807 983 jura
829 888 1026 986 provincie
1049 888 1176 963 Siciliae
1200 916 1266 965 mu-

213 1000 318 1085 taris,
336 997 373 1069 id
391 995 641 1094 reprehendo,
660 995 697 1069 id
715 1022 858 1071 accuso.

260 1113 301 1182 L.
329 1108 481 1179 Octavio
506 1122 543 1178 et
569 1112 609 1181 C.
634 1111 748 1181 Cottae
771 1104 1009 1181 consulibus⁸
1029 1124 1179 1181 senatus
1200 1136 1272 1210 per·

211 1218 332 1305 misit,
355 1231 399 1287 ut
423 1218 498 1287 viui
524 1230 561 1288 et
584 1217 655 1287 olei
682 1216 873 1305 decumas,
896 1232 934 1289 et
957 1216 1106 1315 hugum
1125 1223 1274 1295 minuta·

211 1350 295 1396 rum
303 1334 332 1411 ⁹,
352 1349 442 1423 quas
457 1341 541 1398 aute
557 1340 593 1398 te
612 1341 810 1424 quaestores
826 1331 866 1399 iu
883 1327 1001 1399 Sicilia
1017 1328 1180 1403 vendere
1194 1356 1275 1403 oon·

211 1452 395 1524 suessent,
420 1441 543 1508 Romae
569 1437 789 1523 venderent,
812 1438 1003 1536 legemque
1017 1450 1049 1485 ¹⁰
1071 1438 1130 1511 his
1151 1440 1277 1525 nehus,

211 1569 321 1642 quam
332 1556 359 1589 ¹¹
372 1548 459 1645 ipsis
467 1547 665 1631 videretur,
677 1546 871 1621 edicerent.
884 1552 1008 1640 Quum
1021 1548 1158 1622 locatio
1169 1548 1279 1635 fieret.

211 1654 396 1752 publicani
412 1657 661 1755 postularunt,
682 1657 857 1755 quasdam
878 1684 937 1731 res
958 1673 999 1731 ut
1016 1657 1063 1731 ad
1086 1659 1205 1757 legem
1223 1658 1280 1733 ad-

210 1765 360 1854 derent,
378 1791 499 1863 neque
517 1781 637 1839 tamen
653 1771 858 1841 accusoriis
876 1772 1005 1841 ceteris
1023 1767 1168 1865 legibus
1183 1794 1279 1843 rece·

211 1875 350 1948 dorent.
364 1881 500 1949 Contra
516 1877 609 1950 dixit
621 1881 666 1967 is,
682 1881 746 1975 qui
762 1902 847 1950 casu
862 1893 940 1951 tum
954 1885 1077 1951 Rome
1091 1878 1183 1967 fuit,
1200 1894 1281 1953 tuus

212 1986 344 2085 hospes
356 1998 399 2075 ¹²,
411 1992 560 2074 Verres,
579 1986 730 2085 hospes,
745 1989 912 2084 iuquam,
926 2002 963 2061 et
978 1986 1163 2059 familiaris
1179 2004 1279 2073 tuus,

211 2096 382 2169 Sthenius
403 2097 462 2168 hic
483 2098 746 2169 Thermitanus.
773 2096 950 2171 Consules
972 2122 1119 2171 causam
1142 2122 1278 2197 cogno·

211 2216 362 2280 terunt:
380 2232 495 2305 quum
515 2210 610 2279 viros
632 2209 821 2305 primarios
841 2222 951 2305 atque
972 2206 1215 2305 amplissimos
1230 2210 1279 2279 ci·

210 2319 329 2389 vitatis
350 2317 486 2389 multos
512 2319 551 2387 in
576 2318 768 2389 consilium
789 2317 1042 2405 advocassent,
1065 2316 1111 2389 de
1136 2318 1278 2391 consilii

209 2432 388 2500 sententia
418 2432 726 2525 pronuntiarunt,
751 2432 790 2499 s'e
820 2427 900 2525 lege
929 2431 1122 2501 Hieronica
1152 2429 1279 2503 vendi·

211 2553 324 2611 turos.

256 2651 351 2719 Vlll.
373 2652 474 2719 ltane
492 2648 602 2719 vero?
623 2646 892 2745 prudentissimi
904 2648 989 2736 viri,
1004 2672 1146 2719 summa
1157 2662 1281 2721 aucto·

208 2760 312 2829 ritate
335 2756 493 2856 prediti,
515 2756 650 2854 quibus
672 2773 817 2829 senatus
837 2757 960 2854 legum
980 2756 1220 2830 dicendarum
1241 2760 1278 2831 in

209 2868 368 2941 locandis
389 2868 622 2967 vectigalibus
643 2893 789 2941 omnem
808 2881 1024 2965 potestatem
1047 2872 1279 2965 permiserat,

209 2978 441 3076 populusque
463 3002 636 3050 romanus
659 2978 753 3049 idem
773 2979 945 3074 jusserat,
964 2977 1085 3048 Siculo
1105 2990 1201 3049 uno¹
1221 3004 1278 3051 re·

209 3103 377 3173 cusante‚
394 3112 477 3160 cum
492 3087 771 3186 amplificatione
782 3086 1034 3184 vectigalium,
1050 3112 1188 3158 nomen
1202 3090 1281 3159 llic·

208 3204 340 3272 ronicre
369 3199 458 3297 legis
491 3213 631 3271 mutare
664 3198 887 3268 noluerunt:
913 3210 973 3283 tu,
999 3194 1112 3267 homo
1136 3197 1278 3268 minimi

207 3309 369 3397 consilii,
390 3309 524 3381 nullius
544 3308 786 3393 auctoritatis,
810 3308 950 3403 injussu
968 3304 1095 3405 populi
1115 3330 1158 3377 ac
1177 3332 1280 3379 sena·

206 3435 283 3507 tus,
304 3435 381 3491 tota
402 3420 520 3493 Sicilia
541 3432 749 3503 recusante,
768 3441 853 3489 cum
876 3417 1035 3487 maximo
1055 3413 1279 3490 detrimento

242 3688 269 3733 8.
281 3682 428 3733 Consulibus.
437 3683 477 3731 Illi
490 3700 557 3732 auno
568 3685 620 3744 678
629 3698 717 3731 oonsu-
764 3698 863 3748 quoqne
887 3681 938 3730 dno
959 3683 1021 3729 MSS
1043 3698 1057 3731 e
1078 3682 1170 3732 nostris
1194 3686 1280 3749 regiis,

206 3768 241 3813 les
254 3766 334 3819 fuere,
345 3780 396 3827 qno
409 3776 518 3828 temporo
528 3779 603 3828 quum
613 3763 644 3811 sb
652 3778 718 3811 enno
765 3762 853 3811 usitate
866 3761 976 3826 syllepsi.
988 3764 1013 3811 J.
1025 3763 1057 3809 V.
1071 3763 1099 3809 t.

207 3846 257 3904 667
269 3843 332 3892 nulli
342 3854 412 3892 erunt
425 3858 549 3900 censores,
565 3857 649 3891 eorum
662 3858 716 3889 mn·
801 3856 841 3889 ra.
854 3843 917 3889 Tuus
927 3840 1022 3903 hospes.
1034 3840 1159 3889 Invidiosa
1169 3842 1280 3901 iteratim

206 3940 263 3972 nera
274 3922 307 3970 ad
320 3922 433 3970 consules
443 3922 539 3969 inerant
548 3920 634 3968 deleta.
761 3937 838 3984 qnnm
856 3920 923 3969 huno
936 3936 1008 3969 snum
1020 3920 1158 3984 hospitem,
1179 3932 1229 3971 tren
1243 3924 1280 3970 in·

242 4022 268 4066 9.
279 4002 437 4051 erinnem
447 3999 572 4049 Frumenti
581 4011 607 4048 et
618 3999 719 4063 legunti-
762 4000 842 4065 dignis
853 4000 932 4049 modis
945 4001 1058 4049 hebuerit
1071 4004 1167 4049 Verres.
1185 4002 1280 4051 Confer

207 4099 275 4132 nnm.
294 4081 387 4131 Gonier
406 4082 516 4129 Servium
529 4079 560 4128 sd
579 4079 674 4128 AEneid.
690 4081 717 4137 1,
762 4083 832 4127 Verr.
846 4082 883 4138 Il,
900 4078 1279 4142 ss;v,42.-11ic.Qnthnie

210 4164 268 4224 178.
759 4159 854 4220 jndicio
865 4159 944 4207 adest.

244 4238 664 4304 10.lr5eos.Conditionee,quihns
674 4238 718 4287 has
797 4240 868 4287 tut.
885 4254 906 4287 r.
924 4237 1005 4285 Siculo
1019 4253 1075 4285 nno.
1090 4237 1186 4301 Nempe
1200 4254 1277 4302 qnnrn

209 4338 247 4369 res
258 4318 398 4369 venderent.
761 4318 887 4383 publicani
905 4318 991 4365 ceteris
1008 4315 1145 4381 provinciis
1166 4317 1276 4365 Siciliane

245 4416 254 4445 ι
264 4414 284 4445 t.
294 4398 359 4446 Olim
369 4412 435 4461 qnae.
447 4400 529 4445 oraev.
537 4407 563 4445 et
575 4398 669 4445 Erueet.
679 4413 716 4445 re·
760 4412 887 4460 exsequere
898 4407 1058 4451 conarentur,
1074 4395 1161 4442 restitit
1171 4395 1232 4443 huic
1241 4397 1276 4445 rei

208 4490 324 4526 vocarunt
336 4494 411 4543 qnam
424 4494 455 4525 ex
464 4478 540 4540 antiq.
548 4476 606 4524 edd.
619 4477 715 4525 Habent
759 4476 885 4533 Sthenius,
898 4487 921 4523 et
933 4476 1048 4539 pervicit;
1058 4491 1142 4521 verum
1151 4475 1278 4531 decumas,
