2654 5220
564 114 662 173 titt}
678 112 746 174 lssil
761 112 888 173 tiu't't.
904 111 948 172 lt.

266 246 292 285 ct
316 245 454 306 eruptum.
479 230 571 302 Hujus
595 250 683 303 gertus
703 244 762 285 utut
786 231 917 304 duplex:
943 229 1132 284 ‹lucutuuuuttt
1151 246 1291 306 eruptum,

265 347 315 383 seu
336 327 432 384 alterae
449 324 589 394 decumam
608 338 637 381 et
651 325 823 402 imperatum
843 345 879 382 ex
899 325 960 400 lege
975 326 1221 383 Terentia-Cassia
1242 329 1294 383 lata

266 441 342 480 anno
357 422 427 479 680.
445 419 491 479 Ad
512 419 648 479 frumenti
668 423 817 498 utriusque
834 421 1011 499 emptionem
1024 421 1190 479 aratoribus
1203 442 1240 479 ex
1255 445 1294 480 se·

266 517 484 578 natusconsulto
500 517 623 595 pecunia
634 517 819 595 erogabatur.

304 618 340 673 In
354 615 457 674 alteras
471 611 606 672 decumas
620 613 710 671 ferme
724 613 761 672 ad
774 614 927 691 nonagies,
942 633 1011 684 seu,
1027 631 1133 672 novem
1151 614 1294 672 millioncs

265 712 443 783 sestertium,
454 711 521 789 gall.
534 711 688 782 a‚845,ooo
699 711 733 769 ir.
746 712 831 770 Verri
842 711 997 788 quotannis
1008 729 1024 768 a
1034 723 1135 769 senatu
1146 709 1293 771 decretum

267 821 328 880 cst,
342 807 423 885 quod
442 807 606 866 aratoribus
625 809 757 865 solveret.
779 809 908 866 Pretium
924 807 1113 866 constitutum
1131 807 1293 868 decumano

270 906 416 963 frumento
435 917 534 981 empto
552 903 583 960 in
602 902 730 981 singulos
753 901 865 961 modios
884 917 967 961 erant
988 902 1113 961 sestertii
1137 905 1223 962 terni.
1237 906 1294 964 Cic.

220 1077 225 1084 .
266 1001 360 1071 infra,
372 1020 437 1078 cap.
449 1019 496 1072 70·
517 1002 563 1056 Ita
573 999 601 1051 τὸ
615 999 751 1076 nonagies
763 1011 826 1057 erat
840 1000 965 1076 pretium
980 1000 1067 1057 trium
1081 998 1214 1058 modium
1229 1001 1296 1058 mil-

268 1098 394 1168 lionum,
409 1117 461 1155 seu
480 1097 634 1174 quinquies
649 1109 801 1154 centenum
817 1097 941 1155 millium
959 1096 1136 1154 medimnum
1155 1117 1221 1174 quat
1234 1103 1295 1156 Ho-

267 1215 342 1252 mam
362 1215 378 1252 e
399 1194 495 1253 Sicilia
509 1194 665 1272 quotannis
679 1193 798 1252 advecta
812 1207 880 1252 sunt
889 1200 980 1251 Verre
993 1207 1127 1272 pretore.
1148 1196 1203 1254 His
1221 1196 1296 1255 adde

268 1291 447 1350 tantumdem
459 1291 597 1350 frumenti
608 1289 762 1349 decumani
773 1291 933 1368 vectigalis;
945 1310 1011 1349 nam
1024 1292 1133 1349 venalis
1142 1290 1297 1351 decumani

268 1403 379 1448 tantum
396 1388 433 1446 ab
448 1386 612 1446 aratoribus
632 1386 811 1464 exigebatur,
824 1400 966 1465 quantum
980 1407 1016 1445 ex
1035 1387 1138 1466 primis
1153 1387 1297 1460 decumis,

268 1507 317 1544 seu
341 1507 377 1544 ex
403 1484 532 1542 decumis
552 1483 741 1562 vectigalibus
764 1485 873 1543 luisset.
896 1485 955 1541 Cic.
983 1482 1055 1541 ibid.
1078 1485 1213 1563 Denique
1235 1487 1297 1565 lege

269 1581 405 1641 Terentia
426 1579 580 1657 quotannis
605 1578 775 1637 emebantur
800 1578 838 1636 ab
858 1578 1022 1638 aratoribus
1044 1580 1181 1658 imperati
1208 1583 1299 1641 tritici

266 1678 398 1760 nomine,
418 1675 548 1735 modium
563 1676 726 1752 octingenta
749 1676 847 1735 millia.
869 1676 931 1735 Cic.
945 1675 1018 1733 ibid.
1038 1681 1109 1749 Quae
1128 1695 1243 1737 namma
1257 1679 1299 1737 illi

266 1773 410 1851 superiori
418 1793 456 1832 ex
464 1771 541 1830 binis
550 1771 681 1831 decumis
695 1770 793 1831 addita
803 1772 919 1831 conficit
929 1772 1059 1850 sexagies
1072 1773 1163 1831 octies
1176 1788 1301 1834 centena

266 1871 356 1929 millia
374 1868 556 1940 modiorum,
571 1889 653 1946 que,
671 1873 762 1926 Verre
777 1880 919 1947 praetore,
933 1868 1032 1928 Sicilia
1047 1870 1206 1946 quotannis
1218 1871 1302 1930 misit

268 1967 392 2045 reipubl.
420 1966 493 2024 Huic
512 1965 678 2023 modiorum
700 1985 836 2038 numero,
857 1966 1042 2042 quantumvis
1062 1965 1195 2038 immani,
1216 1966 1305 2026 addit

270 2065 354 2121 etiam
369 2064 453 2122 Vino.
465 2066 584 2122 Contar.
598 2060 651 2119 lib.
666 2065 708 2133 X,
730 2060 767 2118 de
781 2061 866 2118 frum.
880 2062 974 2139 largit
992 2066 1036 2120 Ex
1049 2062 1163 2135 Sicilia,
1183 2063 1300 2141 inquit,

268 2173 319 2218 aut
338 2159 542 2239 decumarum,
560 2170 611 2216 aut
626 2157 782 2235 emptionis
797 2159 928 2227 nomine,
950 2157 1071 2217 advecta
1091 2164 1215 2218 Romam
1230 2175 1302 2218 sunt

267 2258 423 2334 quotannis
439 2255 475 2313 ad
495 2254 622 2332 octogies
634 2252 680 2312 bis
695 2266 817 2312 centena
830 2253 961 2312 modium
976 2253 1075 2313 millia.
1091 2259 1159 2327 Quo
1177 2269 1303 2315 auctore

268 2353 299 2412 id
314 2353 461 2431 scripserit
479 2351 583 2410 doctus
597 2352 646 2409 ille
660 2351 767 2422 Italus,
779 2369 839 2407 uon
855 2351 942 2427 piane
958 2369 1117 2428 assequor:
1132 2351 1189 2410 nisi
1204 2352 1298 2425 forte,

268 2451 336 2528 quia
356 2449 485 2509 decumae
505 2447 632 2526 pendent
648 2467 684 2504 ex
704 2446 773 2504 anni
786 2444 937 2516 ubertate,
959 2460 990 2506 et
1002 2446 1159 2525 aliquando
1177 2450 1302 2527 amplis-

266 2550 363 2616 simae,
382 2545 538 2625 aliquando
554 2544 678 2602 minime
690 2556 774 2615 sunt,
798 2543 938 2602 rationem
951 2564 1032 2602 suam
1047 2545 1077 2602 in
1091 2542 1222 2604 decumis
1235 2565 1305 2604 am-

268 2645 403 2723 plissimis
416 2643 582 2704 instituerit.
607 2647 668 2701 Nos
680 2641 850 2700 Ciceronem
862 2641 978 2718 sequuti
991 2660 1090 2699 sumus
1104 2640 1229 2712 ducem,
1248 2643 1302 2720 qui

269 2754 335 2819 post
349 2740 448 2798 Verris
462 2752 634 2816 praeturam,
650 2736 801 2795 decumani
812 2738 950 2795 frumenti
965 2756 1119 2796 numerum
1133 2740 1185 2814 qui
1204 2740 1305 2797 iuerat

270 2840 326 2896 isto
349 2849 484 2914 praetore,
504 2848 630 2892 statuere
646 2849 723 2892 recte
745 2835 850 2912 potuit.
872 2839 917 2895 'Ut
937 2848 970 2891 ut
985 2834 1037 2905 sit,
1056 2855 1093 2893 ex
1108 2855 1198 2913 supra
1213 2835 1302 2895 dictis

271 2935 395 2994 unanime
409 2933 623 2991 demonstratur
639 2944 747 3008 quanta
761 2932 850 2991 brorit
860 2931 889 2988 in
904 2932 953 2990 illa
968 2933 1061 2990 insula
1075 2933 1118 2991 rei
1134 2933 1296 2991 frumenta·

269 3035 318 3091 ria
331 3029 527 3099 abundantia3
547 3040 581 3085 ut
598 3047 658 3085 non
672 3028 815 3086 immerito
832 3031 925 3086 uCato
936 3028 985 3086 ille
999 3029 1114 3106 sapiens
1128 3029 1230 3087 cellam
1243 3049 1298 3107 pe-

267 3130 376 3188 nariam
388 3124 572 3204 reipublicae,
588 3125 731 3183 nutricem
748 3123 842 3202 plebis
857 3140 1006 3183 romanu»
1020 3127 1148 3185 Siciliam
1159 3127 1296 3184 nomina-

266 3227 357 3294 verit3
373 3235 406 3281 ut
419 3236 520 3279 auctor
531 3234 576 3279 est
587 3220 687 3278 Cicero
701 3239 803 3298 supra,
819 3220 868 3278 lib.
885 3224 1005 3299 1[,cap.
1019 3240 1048 3280 a.
1061 3227 1163 3299 Neque
1177 3237 1222 3281 est
1235 3223 1294 3300 jam

266 3319 347 3400 quod
369 3318 473 3376 mirere
492 3316 580 3374 tritici
597 3314 725 3374 modium
739 3316 769 3372 in
787 3315 884 3375 Sicilia
903 3315 991 3374 fuisse
1014 3317 1203 3396 plerumque,
1224 3330 1296 3376 testc

267 3422 420 3488 Cicerone,
445 3413 582 3472 sestertiis
613 3411 689 3470 binis
708 3423 759 3469 aut
780 3412 886 3484 ternis;
918 3412 983 3489 gali.
1006 3425 1146 3490 quatuor,
1170 3428 1222 3471 aut
1245 3434 1294 3472 sert

270 3513 387 3574 assibus.

307 3617 407 3670 Restat
426 3619 459 3665 ut
477 3604 513 3664 de
529 3606 657 3665 Hierone
676 3616 705 3660 et
725 3602 762 3661 de
780 3604 843 3681 lege
862 3605 1036 3675 Hieronica,
1056 3623 1181 3682 quorum
1203 3607 1292 3665 marita

268 3706 377 3768 mentio
397 3705 430 3762 lit
445 3703 591 3781 praecipue
606 3701 660 3759 bac
675 3703 704 3758 in
722 3701 870 3773 oratione,
890 3721 984 3778 pauca
998 3702 1158 3779 subjiciam.
1176 3705 1293 3762 Valenti

266 3807 351 3884 plur-a
366 3801 446 3861 dabit
459 3799 666 3859 illustrissimus
677 3797 826 3870 Rolliaus,
839 3810 857 3854 t.
875 3802 912 3856 X.
926 3799 999 3878 Hist.
1011 3804 1079 3857 Ant.
1091 3798 1184 3860 initio.
1193 3801 1292 3869 Hiero,
