2670 4838
299 390 356 459 IN
382 392 602 458 VERREM
627 391 733 460 ACT.
754 391 811 475 ll,
837 390 930 459 LlB.
952 391 1023 456 111.
1150 388 1196 484 39

128 525 272 609 reperta
286 511 398 597 ratio,
413 509 514 607 quod
532 510 710 598 edixerat,
728 527 769 582 ut
779 525 942 593 aratores
954 511 1081 606 jugera
1094 513 1200 580 satio-

128 646 219 691 num
239 644 384 691 suarum
404 618 672 717 profiterentur.
693 625 857 713 Quaeres
876 644 991 716 quum
1006 617 1052 689 ad
1067 620 1202 717 pactio-

129 755 195 801 nes
210 733 453 827 iniquissimas
466 755 633 828 magnam
649 733 720 801 vim
735 729 880 815 babuit,
894 731 988 801 sicut
998 727 1203 813 ostendam,

128 864 252 938 neque
274 840 319 911 ad
345 840 452 911 ullam
472 841 663 913 utilitatem
682 840 889 938 reipublice
907 842 1102 938 pertinuit;
1121 854 1199 909 tum

129 973 217 1020 vero
237 948 284 1020 ad
307 948 523 1035 calumnias,
550 953 684 1048 inqua
709 976 836 1025 omncs
860 949 1080 1037 inciderent,
1106 974 1200 1045 quos

130 1059 240 1130 vellet
259 1064 452 1158 Apronius.
475 1066 524 1132 Ut
545 1066 642 1132 enim
661 1063 817 1159 quisque
833 1079 961 1132 contra
977 1060 1201 1132 voluntatem
1264 1118 1271 1134 .

130 1171 209 1265 ejus
227 1168 405 1258 dixerat⁶,
423 1172 472 1241 ita
489 1173 527 1240 in
546 1197 630 1243 eum
648 1171 822 1266 judicium
843 1171 888 1242 de
910 1169 1133 1267 professione
1141 1170 1199 1263 ju·

129 1304 258 1376 gerum
286 1281 544 1378 postulabatur.
579 1284 691 1379 Cujus
721 1282 846 1377 judicii
875 1297 973 1352 metu
1002 1304 1156 1378 magnus
1180 1304 1202 1349 a

128 1390 254 1461 multis
268 1388 440 1462 frumenti
453 1415 627 1463 numerus
641 1391 801 1474 ablatus,
812 1414 1023 1488 magnaque
1036 1391 1200 1486 pecunia

116 1515 261 1570 -coactae
279 1515 385 1572 sunt:
404 1525 481 1572 nou
504 1527 580 1599 quo
600 1502 771 1599 jugerum
792 1520 986 1572 numerum
1009 1525 1094 1571 vere
1112 1523 1199 1597 pro-

129 1606 222 1680 fiteri
243 1629 337 1682 esset
353 1609 513 1701 difficile,
532 1629 593 1685 aut
611 1614 766 1712 amplius
782 1615 890 1684 etiam
910 1609 1091 1711 profiteri:
1109 1610 1201 1706 quid

129 1722 227 1791 euim
246 1723 283 1790 iu
301 1746 346 1792 eo
366 1724 515 1820 periculi
531 1747 608 1795 esse
627 1723 769 1822 posset?
786 1724 848 1795 sed
865 1747 971 1794 causa
985 1737 1062 1793 erat
1072 1721 1200 1817 judicii

128 1830 336 1927 postulandi
346 1843 373 1918 ⁷,
390 1833 491 1932 quod
512 1860 556 1906 ex
577 1834 695 1905 edicto
716 1834 898 1933 professus
917 1858 992 1904 uon
1013 1848 1114 1904 esset.
1136 1838 1199 1904 Ju-

128 1938 264 2012 dicium
286 1957 407 2015 autem
429 1944 530 2041 quod
549 1943 660 2016 fuerit
684 1948 753 2015 isto
771 1959 941 2043 praetore,
962 1949 1009 2029 si,
1034 1968 1115 2040 quae
1136 1967 1197 2015 co-

128 2051 233 2139 hors,
259 2068 296 2124 et
321 2056 385 2151 qui
409 2056 602 2126 comitatus
619 2052 750 2139 fuerit,
770 2055 1002 2141 meministis,
1024 2054 1115 2124 scire
1136 2052 1197 2122 de·

128 2160 231 2234 betis.
245 2163 344 2254 Quid
356 2168 465 2262 igitur
481 2181 553 2253 est,
565 2166 665 2262 quod
680 2190 725 2236 ex
739 2165 1003 2262 haciniquitate
1019 2187 1200 2233 novorum

129 2270 333 2343 edictorum
350 2274 502 2372 intelligi
516 2276 644 2364 velim,
658 2276 817 2370 judices?
834 2275 1055 2369 lujuriamue
1068 2271 1198 2344 factam

128 2383 255 2453 sociis?
272 2399 311 2478 at
328 2384 466 2457 ridetis.
495 2389 754 2458 Auctorltatem
775 2388 1004 2484 superiorum
1027 2384 1198 2482 repudia·

128 2492 226 2561 tam?
256 2518 332 2564 nou
363 2494 511 2567 audebit
541 2522 686 2593 negare.
718 2501 873 2567 Tantum
903 2496 1104 2593 Apronium
1127 2499 1199 2566 isto

128 2617 280 2698 praetore
303 2606 486 2701 potuisse?
509 2606 726 2678 confiteatur
747 2626 893 2677 necesse
913 2621 977 2676 est.

174 2717 270 2784 XVI.
296 2714 365 2786 Sed
389 2741 454 2788 vos
477 2714 646 2804 fortasse,
671 2716 771 2815 quod
791 2742 855 2787 vos
875 2717 932 2786 lex
950 2730 1158 2786 commonet
1171 2727 1197 2800 ¹,

129 2821 165 2892 id
180 2827 217 2893 in
237 2824 308 2896 hoc
324 2825 405 2897 loco
421 2829 605 2923 quaeretis,
626 2851 712 2898 uum
731 2850 820 2925 quas
835 2852 880 2897 ex
894 2826 992 2896 hisce
1009 2823 1118 2896 rebus
1134 2848 1197 2922 pe·

129 3073 172 3120 illo
189 3085 256 3118 novo
270 3070 454 3132 decrementis
464 3071 528 3119 euim
543 3083 594 3121 erat
609 3072 639 3120 ad
683 3069 1196 3131 ratumnbujusjudiciiuretum».1lruestio
1268 3116 1274 3131 ,

129 3152 288 3208 calunniam,
301 3151 319 3198 l.
332 3168 354 3199 e.
365 3150 398 3198 sd
411 3162 531 3214 quartum
544 3167 589 3216 per
602 3153 640 3199 in·
683 3167 784 3216 quoque
800 3150 895 3214 vulgata
917 3165 967 3197 nou
986 3150 1108 3215 placebam
1123 3168 1196 3216 quem

127 3232 215 3290 justam
233 3232 386 3279 vexationem
405 3230 557 3286 laciendum,
572 3230 639 3295 quod
684 3232 775 3295 optime
784 3241 865 3278 tumen
874 3229 1010 3295 defendunt
1019 3234 1077 3280 Ger.
1087 3241 1111 3279 et
1122 3232 1196 3281 Beck.

128 3313 176 3371 pne
188 3311 310 3371 edixerat,
327 3322 354 3359 ut
362 3310 519 3359 'declararent
535 3321 641 3358 aratores
685 3309 822 3358 Exsistebnt
835 3325 921 3369 censa,
936 3311 961 3358 h.
971 3326 993 3357 e.
1005 3321 1138 3374 praetextns
1151 3328 1199 3375 po-

129 3401 190 3453 quot
202 3391 320 3439 sevissent
330 3391 424 3454 jugera.
685 3390 790 3439 stulrndi
801 3390 902 3451 judieii,
916 3405 935 3439 s.
947 3391 972 3436 iu
982 3390 1102 3451 judicium
1114 3392 1196 3456 appel-

163 3471 190 3517 6.
210 3469 323 3519 Dixerat.
340 3471 367 3518 Si
384 3471 439 3533 quis
459 3482 581 3519 erutorum
599 3486 642 3535 pn·
684 3471 760 3519 lsndl.
772 3471 826 3518 Hoc
838 3484 872 3517 so.
885 3479 1017 3534 pretextu,
1032 3470 1198 3534 qnodeliqnis

129 3549 235 3606 odones,
249 3564 311 3612 qnss
324 3548 422 3597 volebat
433 3550 559 3614 Apronius
574 3566 640 3598 recu-
683 3551 767 3614 jngere
777 3565 828 3597 non
839 3549 960 3614 exrdium
972 3548 1127 3610 declarasset,
1135 3566 1198 3598 senr-

129 3636 206 3686 srret,
230 3627 313 3677 stetim
335 3644 391 3675 enm
403 3629 530 3692 Apronius
546 3629 641 3688 judicio
686 3646 730 3694 per
744 3629 858 3677 utebatur
872 3630 998 3692 Apronius
1017 3628 1048 3677 sd
1072 3631 1198 3679 vexandos

129 3705 331 3771 persequebatur,
357 3709 427 3771 qussi
444 3705 560 3765 subdole,
580 3719 642 3771 quot
686 3725 748 3772 quos
766 3708 846 3756 vellet.
868 3711 953 3772 Itaque
967 3725 1051 3756 omnes
1070 3710 1118 3756 boe
1134 3709 1199 3769 jndi-

128 3788 227 3834 sevisset
237 3789 340 3851 jugera,
356 3787 510 3837 declarasset.
687 3789 750 3835 oium
774 3787 924 3847 metuebant,
941 3788 1041 3851 ejusque
1059 3800 1126 3836 metu
1149 3789 1201 3835 im·

163 3879 191 3929 7.
201 3866 357 3915 Postulandr'.
371 3871 473 3916 Hotom.
489 3869 554 3927 conj.
570 3890 581 3908 ι
592 3869 642 3914 lor·
688 3877 766 3915 menta
780 3875 821 3914 sut
834 3867 948 3931 pecunias
962 3867 1061 3917 dabant.

127 3944 272 4005 uidendi»,
290 3947 378 4010 probet
401 3947 511 4008 Desjsrd.
534 3947 643 3995 Lambin.
725 3947 794 3992 xvi.
816 3958 837 3993 t.
852 3948 905 3993 Lex
923 3959 1067 3994 commouet.
1086 3948 1148 4009 Qun.
1174 3948 1203 3995 de

127 4023 205 4071 edidit
218 4027 455 4089 «pertimescendi»,
477 4027 545 4091 quod
560 4028 642 4075 referri
690 4026 798 4089 peeumis
816 4023 958 4088 repetundis
975 4025 1037 4092 latet,
1051 4025 1081 4072 de
1095 4028 1206 4089 pecuniis

126 4102 261 4153 arbitrum
278 4104 411 4195 adtpnullo
425 4116 481 4153 ente
497 4122 645 4155 commemo·
689 4107 777 4170 ereptis
793 4106 866 4168 quaeri
879 4106 957 4165 Jubet.
