2654 5220
224 817 267 867 ιο
619 794 880 872 SYNOPSIS.

259 913 345 975 tritiei
361 913 539 975 medimnum
556 917 692 976 XXXIII
708 929 739 977 et
760 925 901 993 pretores
920 917 986 977 us
999 934 1053 989 tx,
1069 918 1174 991 27-31.
1193 917 1287 981 Simili

258 1006 372 1067 rstione
386 1004 572 1067 Herbitenses
587 1006 740 1085 spoliarit,
759 1026 833 1086 quos
846 1006 934 1067 etism
948 1007 1102 1067 teterriuris
1115 1008 1287 1071 mulieribus

259 1104 358 1183 Pippn
377 1115 408 1163 et
427 1103 533 1163 Tertiae
551 1103 702 1177 vectimer
716 1122 780 1163 esse
797 1103 910 1181 coegit,
934 1102 1039 1164 ts-st.
1064 1108 1100 1164 ln
1118 1124 1180 1183 quo
1199 1107 1284 1165 unu!

256 1198 419 1261 ostenditur
432 1217 500 1259 sum
518 1199 556 1258 de
568 1202 662 1279 cupite
678 1200 862 1279 vectigalium
879 1200 984 1280 populi
996 1200 1110 1261 romani
1123 1201 1284 1275 remisisse,

255 1295 337 1374 quod
358 1316 395 1354 ue
412 1297 499 1359 Sullae
517 1296 636 1375 quidem
654 1316 822 1359 conoessum
839 1297 944 1372 fuerit,
966 1295 1023 1370 35,
1040 1298 1086 1357 36.
1112 1300 1286 1377 sequuntur

257 1392 378 1455 aliarum
398 1393 546 1453 civitatum
562 1395 710 1473 exempla,
731 1393 838 1473 quibus
856 1394 930 1457 alios
943 1395 1067 1472 Apronii
1087 1395 1211 1457 asseelas
1228 1396 1284 1454 ‘uu-

257 1487 367 1568 probos
380 1489 513 1551 homines
533 1502 679 1569 nmquam
694 1511 780 1553 osnes
793 1490 926 1563 immisit,
945 1491 996 1569 qui
1009 1491 1042 1549 ri
1054 1510 1089 1553 ac
1101 1490 1209 1569 injuria
1226 1492 1285 1551 Iru-

258 1600 398 1660 mentum,
407 1601 458 1650 sut
467 1588 605 1666 pecunius
619 1600 765 1666 raperent.
777 1588 827 1651 Sic
839 1587 876 1649 sd
886 1587 1057 1667 Liparenses
1065 1586 1284 1659 &Veientium

257 1682 356 1757 apud
363 1686 509 1745 Tissenses
515 1685 854 1763 Diognetumvenerium
863 1684 966 1766 (hee
976 1685 1067 1747 servis
1073 1685 1197 1745 Veneris
1209 1690 1283 1761 Ery-

256 1779 432 1860 cummisit,
444 1782 706 1843 tennensium
713 1781 978 1860 pecuniempreter
987 1780 1173 1843 decumasItL
1180 1783 1283 1852 cneio,

254 1880 320 1940 Sex.
336 1877 507 1949 Vennonio,
524 1878 664 1939 Buuobaii
677 1879 820 1949 Venerio,
837 1879 885 1956 ³9·
903 1878 1035 1946 Petrinus
1049 1882 1081 1942 P.
1092 1876 1196 1937 Nerio
1206 1882 1283 1939 Tur-

254 1973 352 2051 pioni,
364 1974 549 2051 Halicyenses
569 1974 680 2048 eidem,
701 1979 873 2054 Segestanos
889 1973 1065 2052 symmacho
1081 1972 1153 2035 dare
1165 1972 1281 2051 eoepit·

256 2076 303 2136 4ο.
317 2067 377 2129 ubi
389 2070 475 2131 simul
488 2069 567 2151 ipsos
581 2090 700 2149 quoque
716 2083 864 2131 senatores
880 2070 909 2130 in
925 2070 1023 2135 Sicilia
1035 2069 1155 2129 summis
1169 2069 1283 2148 injuriis

252 2164 374 2225 affectos
385 2185 447 2225 esse
463 2165 564 2236 docet,
578 2175 625 2234 4ι.
640 2167 754 2227 Similes
766 2166 881 2241 injurie
892 2167 923 2227 in
937 2166 1158 2238 Thermitanus,
1173 2166 1207 2225 in
1220 2170 1281 2227 Iin-

253 2280 372 2335 nenses,
387 2271 434 2332 tu.
447 2268 483 2322 In
496 2263 669 2337 Calactinos,
681 2268 878 2342 Mutyoenses,
895 2262 1056 2341 Hyblenses
1067 2262 1197 2340 aliasque
1209 2263 1281 2321 ciri-

254 2369 326 2417 tntes
344 2372 551 2431 memorentur,
574 2360 623 2431 43.
644 2360 800 2438 copiosius
819 2358 925 2419 deinde
947 2372 1081 2419 versatur
1104 2359 1135 2416 in
1157 2357 1281 2419 demon-

252 2454 369 2516 strande
383 2455 503 2515 immuni
516 2455 615 2533 prede
632 2475 669 2514 ex
680 2456 879 2529 AEtuensium,
895 2463 944 2529 44,
956 2455 1012 2530 45,
1025 2467 1055 2516 et
1070 2455 1281 2519 Leontinorum

251 2570 321 2628 egro
339 2565 441 2630 cepte,
456 2555 558 2629 4649.
576 2557 678 2630 Itaque
694 2573 796 2612 vanam
813 2572 875 2613 ease
892 2553 994 2614 Verris
1008 2550 1229 2632 gloriationem,
1251 2572 1281 2610 se

253 2646 389 2709 decumas
405 2668 510 2726 magno
525 2649 708 2720 vendidisse,
728 2670 819 2727 quum
838 2651 877 2708 sit
896 2650 1086 2728 perspicuum
1109 2667 1178 2707 eum
1203 2647 1280 2708 bona

252 2745 440 2824 fortunisque
453 2758 601 2805 aratorum
610 2766 669 2804 non
681 2747 784 2826 populi
794 2748 918 2820 romani,
933 2746 983 2807 sed
997 2749 1042 2805 sui
1058 2759 1185 2822 questus
1194 2765 1280 2805 eausa

251 2840 424 2914 vendidisse,
434 2841 481 2900 50.
495 2826 569 2902 Nem
581 2862 682 2920 agrum
694 2842 888 2904 decumanum
896 2856 1019 2921 propter
1031 2842 1114 2900 istius
1127 2841 1279 2900 avaritiam

252 2938 398 3000 desertum
413 2960 492 3013 esse,
512 2952 643 3001 aratores
655 2941 837 3019 profugisse,
865 2941 919 3014 δι,
937 2941 990 3013 5a,
1004 2952 1035 3001 et
1053 2940 1105 3018 qui
1121 2940 1280 2999 manserint

252 3035 264 3114 (
272 3055 339 3114 ques
348 3036 396 3097 rix
410 3034 522 3099 decime
532 3056 600 3115 pers
614 3038 701 3097 fuerit
713 3037 897 3117 oratorum),
912 3037 992 3116 ipsos
1004 3056 1121 3115 quoque
1134 3056 1220 3114 agros
1233 3055 1280 3095 re·

252 3132 370 3193 licturus
387 3133 490 3206 fuisse,
511 3133 566 3193 nisi
579 3135 679 3193 Verris
697 3152 845 3194 successor
860 3138 895 3197 L.
911 3133 1047 3193 Metellus
1067 3133 1166 3192 litores
1186 3137 1278 3192 Romu

252 3229 387 3302 misisset,
405 3228 512 3311 quihus
531 3251 562 3290 se
575 3229 710 3290 decumas
722 3231 879 3291 HIeronica
893 3231 955 3308 iege
973 3229 1160 3289 venditurum
1174 3242 1277 3288 osten-

251 3326 350 3399 deret,
374 3327 559 3406 Sirulosque,
581 3340 612 3385 ut
626 3347 713 3406 quum
727 3328 887 3405 plurimum
901 3339 1044 3398 sererent,
1058 3338 1186 3403 rogaret.
1209 3323 1278 3403 Ejus

250 3423 292 3483 rei
305 3442 392 3483 usust
398 3425 556 3487 recitentur
565 3424 654 3483 litere
663 3443 680 3482 s
690 3424 809 3483 Metello
820 3422 857 3482 ed
870 3427 923 3489 Cn.
931 3423 1102 3501 Pompeium
1113 3426 1278 3481 effictus

247 3539 328 3589 sum,
343 3519 381 3581 sd
391 3524 432 3581 Μ.
445 3520 617 3581 Mummium
638 3534 792 3598 pretorem
807 3534 836 3582 et
847 3520 886 3579 ed
897 3532 1057 3598 questores
1065 3519 1153 3580 Urbis
1166 3520 1276 3588 misse,

250 3616 350 3678 53-55.
371 3623 493 3677 Tantum
506 3635 577 3677 vero
593 3616 780 3677 acerbitatem
791 3618 907 3689 Verris,
931 3629 1043 3678 tentum
1056 3616 1150 3677 scelus
1163 3616 1195 3675 in
1208 3635 1276 3675 arn-

249 3727 327 3773 totes
340 3713 440 3786 fuisse,
460 3727 492 3773 ut
509 3713 640 3775 bomines
656 3727 778 3792 propter
790 3713 911 3791 injurias
921 3714 1125 3791 licentiamque
1138 3711 1276 3772 decuma·

248 3830 353 3871 notum
364 3824 488 3871 mortem
500 3811 557 3869 sibi
568 3811 623 3889 ipsi
634 3813 842 3880 eousciverint,
856 3812 904 3870 56.
917 3816 1016 3890 Ipsum
1029 3831 1099 3871 vero
1111 3809 1275 3888 Apronium

246 3910 376 3987 aliosque
388 3929 465 3986 saepe
473 3908 619 3969 dictitasse
627 3953 635 3982 ,
643 3929 820 3989 perparvum
831 3931 867 3969 ex
877 3909 1043 3989 ingentibus
1053 3909 1141 3967 lucris
1153 3906 1274 3975 adsere,

248 4006 402 4084 plurimum
418 4006 455 4068 sd
467 4019 622 4084 pretorem
635 4007 812 4084 pervenisse,
824 4006 929 4080 57-62.
943 4007 1033 4085 Cujus
1048 4007 1090 4065 rei
1106 4023 1216 4065 norum
1230 4024 1275 4062 ar·

245 4101 414 4182 gunrentum
427 4103 514 4163 effert
525 4103 595 4177 hor,
611 4103 692 4182 quod
706 4105 768 4183 egri
781 4104 916 4164 Leontini
928 4103 1064 4163 decumus
1076 4121 1174 4181 quum'
1182 4103 1275 4180 pluris

245 4199 372 4260 vendere
392 4213 501 4278 posset,
517 4201 644 4261 uoluerit
662 4214 758 4261 temen
772 4201 818 4261 his
833 4199 969 4263 addicere
987 4201 1039 4278 qui
1059 4212 1162 4259 contra
1178 4204 1275 4277 Apro

244 4300 325 4357 nium
339 4297 503 4368 licerentur,
513 4298 563 4357 sed
576 4300 710 4376 Apronio
723 4300 813 4358 multo
830 4299 950 4359 minoris
961 4297 1131 4370 tradiderit,
1146 4298 1202 4367 63,
1223 4298 1273 4366 64.

244 4400 327 4472 Ipsos
340 4395 427 4455 etiem
444 4381 553 4457 umidos
568 4395 793 4474 defensoresque
804 4397 905 4460 Verris
919 4397 993 4455 mule
1007 4394 1043 4453 de
1057 4395 1120 4472 ejus
1133 4392 1273 4471 improbi-

244 4506 301 4552 tate
322 4493 484 4571 judicasse3
510 4494 589 4573 quod
614 4496 740 4573 primurn
765 4495 953 4554 confirmetur
973 4493 1083 4553 Metelli
1106 4491 1202 4561 dicto,
1222 4492 1272 4569 qui
