2670 4838
220 391 261 458 18
537 387 586 454 M.
611 386 650 452 T.
678 384 960 455 CICERONIS

215 507 428 606 nefarioque
449 528 549 592 esse,
570 502 825 600 reprehendor
846 503 990 575 nullum
1008 528 1086 576 esse
1101 506 1207 578 dicol
1227 510 1285 578 in-

214 621 348 692 dicium
362 615 543 701 libidinis,
558 614 721 701 sceleris,
733 613 907 704 audaciae,
924 613 1024 712 quod
1040 641 1116 687 non
1131 621 1169 688 in
1183 619 1286 690 istius

216 737 325 808 unius
341 735 415 803 vita
432 734 637 830 perspicere
655 733 809 828 possitis.
827 727 929 827 Ego⁵
945 733 982 801 in
1001 733 1070 802 isto
1087 756 1151 803 rco
1169 734 1286 830 legem

217 848 328 931 hanc,
341 841 502 939 judices,
520 841 609 912 mihi
627 855 767 926 statuo;
781 840 978 912 vivendum
994 842 1044 911 ita
1058 866 1154 929 esse,
1171 856 1213 913 ut
1229 845 1287 913 isti

218 981 293 1027 nou
319 952 432 1025 modo
455 950 557 1024 iactis
579 952 758 1049 dictisque
783 948 973 1040 omnibus,
998 951 1063 1024 sed
1088 955 1196 1025 etiam
1215 955 1289 1025 oris

219 1063 483 1159 oculorumque
509 1060 569 1132 illa
586 1063 813 1132 contumacia
830 1084 872 1132 ac
890 1062 1083 1158 superbia,
1104 1087 1215 1161 quam
1237 1067 1289 1134 vi·

218 1174 331 1267 detis,
348 1171 610 1243 dissimillimus
627 1193 719 1257 esse,
736 1195 778 1241 ac
795 1194 940 1268 semper
958 1169 1067 1245 fuisse
1082 1173 1214 1245 videar.
1230 1178 1291 1245 Pa·

220 1289 292 1355 tior
310 1309 387 1354 non
405 1281 577 1369 moleste,
593 1279 752 1376 judices,
770 1304 850 1351 eam
867 1283 997 1368 vitam,
1020 1307 1101 1378 quae
1123 1283 1209 1354 mihi
1228 1309 1293 1355 sua

221 1409 352 1493 sponte
374 1408 477 1463 antea
495 1389 658 1486 jucunda
681 1389 809 1477 fuerit,
831 1415 930 1462 nunc
945 1393 1020 1487 jam
1039 1416 1119 1466 mea
1137 1390 1238 1492 lege⁶
1256 1409 1294 1466 et

221 1504 431 1577 conditione
450 1503 688 1573 necessariam
708 1524 859 1597 quoque
877 1499 1048 1572 futuram.

272 1619 334 1685 Ill.
353 1618 397 1683 Et
414 1617 452 1682 in
466 1611 538 1682 hoc
554 1610 704 1681 homine
719 1634 814 1707 saepe
828 1636 847 1680 a
864 1634 923 1681 me
936 1615 1088 1708 quaeris,
1102 1615 1294 1697 Hortensi,

224 1723 360 1824 quibus
381 1722 596 1804 inimicitiis,
622 1734 685 1791 aut
705 1744 779 1817 qua
800 1721 932 1815 injuria
949 1721 1146 1811 adductus,
1168 1724 1213 1795 ad
1235 1747 1294 1794 ac·

225 1832 428 1908 cusandum
451 1827 712 1901 descenderim.
738 1830 845 1900 Mitto
862 1832 961 1927 jam¹
989 1833 1166 1904 rationem
1185 1830 1297 1904 officii

225 1945 317 2029 mei,
335 1938 683 2036 necessitudinisque
699 1939 925 2011 Siculorum:
943 1940 989 2012 de
1004 1943 1091 2040 ipsis
1104 1941 1170 2012 tibi
1183 1943 1298 2012 inimi-

226 2055 318 2128 citiis
328 2049 544 2149 respondeo.
558 2055 613 2120 An
626 2063 667 2119 tu
679 2051 857 2143 majores²
873 2050 963 2121 ullas
976 2053 1179 2124 inimicitias
1191 2067 1300 2150 putas

228 2190 325 2249 esse,
343 2185 454 2259 quam
474 2161 669 2231 contrarias
688 2159 879 2231 hominum
898 2162 1115 2249 sententias,
1136 2187 1177 2233 ac
1195 2160 1300 2233 dissi-

227 2271 450 2347 militudines
470 2269 677 2341 studiorum
695 2284 732 2340 et
749 2270 998 2341 voluntatum?
1015 2269 1138 2341 Fidem
1156 2271 1301 2342 sanctis·

227 2389 353 2457 simam
372 2383 412 2452 in
427 2381 499 2451 vita
516 2381 578 2476 qui
596 2393 718 2477 putat,
739 2393 859 2476 potest
877 2384 910 2450 ei
927 2405 1002 2449 non
1022 2382 1188 2452 inimicus
1204 2404 1301 2466 esse,

230 2495 294 2592 qui
307 2505 465 2590 quaestor
479 2489 666 2560 consulem
678 2512 784 2560 suum
797 2543 807 2574 ,
822 2489 980 2560 consiliis
993 2491 1191 2561 commissis
1199 2488 1227 2578 ³,
1241 2515 1303 2588 pe-

231 2605 336 2675 cunia
360 2602 512 2686 tradita,
536 2598 647 2671 rebus
670 2598 842 2671 omnibus
865 2598 1030 2686 creditis,
1052 2600 1225 2697 spoliare,
1242 2625 1303 2671 re·

149 2754 154 2760 ·
232 2715 412 2811 linquere,
427 2709 605 2810 prodere,
620 2699 831 2807 oppugnare
847 2733 954 2781 ausus
971 2709 1037 2780 sit?
1050 2708 1253 2781 Pudorem⁴
1267 2723 1305 2780 et

233 2821 442 2922 pudicitiam
464 2821 529 2917 qui
547 2820 654 2905 colit,
675 2832 793 2915 potest
818 2821 942 2890 animo
964 2842 1068 2916 aequo
1087 2821 1190 2891 istius
1208 2842 1303 2916 quo·

233 2932 368 3003 tidiana
389 2929 583 3014 adulteria,
604 2930 844 2999 meretriciam
864 2928 1108 3027 disciplinam,
1129 2928 1305 3001 domesti-

272 3159 296 3205 4.
310 3149 370 3195 Dico
384 3150 410 3194 in
424 3146 463 3194 sd.
481 3147 547 3201 mss
562 3150 587 3194 et
603 3147 630 3193 ist
647 3147 746 3196 Menum
791 3158 845 3195 vett
856 3147 991 3196 adductum
1005 3146 1199 3198 inimicitiacu
1206 3162 1308 3213 respon·

237 3244 265 3275 ae
279 3229 386 3290 Nsuger.
399 3225 475 3274 abest.
793 3225 835 3275 det
844 3227 930 3275 Cicero
939 3229 1034 3290 prim0;
1046 3227 1139 3274 nullam
1150 3229 1215 3274 inter
1226 3227 1307 3276 bonos

275 3309 297 3354 5.
318 3307 411 3352 Ernest.
421 3300 576 3352 scribendum
586 3314 669 3366 putat,
680 3305 748 3369 Ergo
792 3321 822 3352 sc
835 3305 913 3352 malos
927 3307 1115 3353 consensionem
1128 3316 1223 3354 exstare
1234 3323 1307 3370 posse

237 3387 263 3432 ist
277 3385 316 3433 ist.
332 3400 352 3433 r.
365 3383 478 3431 librarios
490 3388 556 3430 retus
573 3382 669 3429 initium
688 3399 750 3448 prae·
793 3383 961 3442 ostendendo;
982 3382 1039 3431 dein
1049 3384 1133 3432 Verris
1145 3383 1236 3448 flagitis
1248 3401 1309 3434 eun·

238 3462 604 3530 sedentisperlodihnclterum
614 3478 748 3512 revocasse.
795 3462 922 3522 metando,
944 3479 1000 3526 qnae
1015 3465 1080 3525 justa
1103 3465 1229 3513 Ciceronis
1250 3464 1308 3513 odis

237 3546 262 3594 J.
271 3548 304 3591 V.
320 3545 347 3590 L.
796 3543 900 3590 maxime
909 3554 1033 3592 excusant.

275 3625 299 3671 6.
319 3623 376 3669 Mea
392 3619 454 3686 legs.
477 3622 558 3682 Quem
583 3621 693 3669 mihimet
705 3622 752 3688 ipsi
834 3621 858 3668 3.
878 3619 1022 3672 commissis.
1038 3624 1100 3672 Cum
1116 3623 1161 3670 illo
1174 3624 1311 3672 mumoni-

240 3718 294 3750 met
305 3701 431 3749 voluntate
448 3698 521 3747 statui
539 3710 613 3762 etque
632 3701 718 3749 iodim.
797 3701 871 3757 catis,
886 3702 939 3762 ejus
952 3701 1011 3751 fidei
1024 3703 1166 3751 commissis.

275 3783 319 3828 111.
347 3796 371 3827 r.
388 3777 460 3826 Mitto
472 3778 538 3843 jam.
560 3779 624 3841 Quia
635 3781 693 3828 satis
713 3797 752 3828 sn·
833 3789 857 3836 t.
880 3781 1251 3839 praeeminentissimum
1262 3798 1312 3845 ps-

240 3872 333 3923 perqtte
347 3857 378 3906 de
390 3854 429 3904 ltis
441 3856 467 3904 in
477 3857 561 3904 Divin.
575 3872 586 3903 ι
603 3857 674 3907 dixit
797 3860 883 3909 dicitis
897 3861 928 3909 sd
942 3851 1032 3926 corpds
1045 3861 1313 3909 refertum-Meretri·

276 3941 354 4007 a.rAn
373 3947 398 3983 tu
418 3934 531 4000 majores.
543 3934 674 3999 obiecerat
688 3939 753 3986 llor-
798 3939 862 3987 ciam
875 3939 1036 4004 disciplinam.
1048 3939 1164 4004 Exempla
1183 3939 1314 4003 impudici-

241 4018 332 4063 tsnsius
342 4013 470 4078 indignum
477 4029 539 4074 esse,
551 4012 695 4066 Cicerone·
705 4028 752 4065 tam
799 4018 838 4066 tiae
852 4035 908 4083 qne
929 4036 943 4067 s
965 4021 1133 4069 meretricibus
1150 4018 1231 4067 solent
1250 4017 1313 4067 dari.

239 4096 328 4143 acriter
342 4094 369 4143 itl
381 4095 483 4143 Verrem
504 4094 600 4156 inveltl,
620 4096 686 4146 nulle
704 4096 753 4163 pri·
798 4125 833 4134 -
844 4098 983 4148 Domestica
1003 4098 1137 4149 tenocinia.
1157 4098 1316 4147 Domesticos
