2670 4838
491 329 753 459 sYttot’sIs.
1114 413 1151 460 rt

132 518 222 591 quum
239 515 271 570 C.
283 509 395 570 Gallius
406 511 580 588 postulasset
592 510 630 570 ab
644 511 792 588 Apronio,
806 522 839 567 ut
855 528 890 567 cx
907 508 1003 568 edicto
1018 528 1072 569 sno
1082 509 1159 587 jodi-

131 610 206 667 cium
219 608 302 667 daret
311 607 342 666 iu
353 607 535 684 Apronium,
544 606 643 685 «quod
650 627 704 686 per
716 606 773 665 vim
786 618 837 664 aut
845 617 953 665 metum
964 604 1157 677 abstulissem,

95 722 97 727 ’
132 719 226 764 tamen
240 705 267 762 ei
281 723 340 763 uon
354 705 509 775 concessit,
519 723 610 782 quum
622 702 748 775 diceret,
762 701 962 781 prejudicium
972 722 1002 761 te
1016 702 1158 782 decapite

133 806 165 862 (L
176 801 277 860 Verris
287 820 342 879 per
352 800 411 861 huc
420 799 564 878 judicium
579 801 657 859 nolle
669 800 741 871 fieri,
752 799 802 858 65.
811 798 924 859 Deinde
935 797 1159 859 uberiusdeela·

131 910 213 957 ratur
226 918 263 956 ex
278 897 399 975 epistola
411 895 537 974 quadam
551 894 868 966 Timarchidis,Verris
880 894 977 955 liberti
991 909 1020 955 et
1033 897 1160 966 accensi,

131 1011 238 1071 etqua
253 1005 313 1051 tota
331 991 464 1063 familie,
482 991 501 1050 i.
513 1011 539 1051 e.
552 989 738 1063 libertorum,
754 989 933 1064 scribarum,
954 1010 1157 1061 accensorum,

131 1088 230 1147 Verris
248 1087 401 1165 disciplina
415 1086 551 1165 cognosci
566 1099 699 1165 poterat,
719 1087 821 1146 66-68.
844 1091 879 1146 In
894 1107 954 1166 quo
969 1088 1158 1177 simuwerri
1245 1164 1248 1171 Ι

131 1185 187 1244 hoc
203 1182 398 1261 exprobratur
416 1182 497 1261 quod
517 1183 606 1242 fitium
621 1195 822 1261 pretextatam
838 1182 973 1243 omnibus
991 1183 1085 1244 modis
1104 1183 1160 1244 de-

131 1281 315 1361 pravaverit,
329 1293 359 1341 et
372 1279 410 1340 td
421 1300 488 1340 suas
501 1279 882 1359 turpitudineserudiverit,
898 1281 947 1357 69.

168 1379 302 1444 secunda
321 1380 462 1439 orationis
480 1399 548 1458 pars
561 1393 695 1439 versatur
708 1380 738 1438 in
752 1379 852 1439 Verris
871 1379 956 1438 furtis
967 1380 999 1437 in
1010 1378 1158 1453 frumento

131 1491 223 1555 empto
242 1476 412 1536 commissis.
434 1481 532 1549 Quum
552 1477 630 1535 enim
642 1481 750 1535 Verres
763 1496 799 1534 ex
813 1477 1109 1535 senatusconsultum
1122 1496 1159 1534 ex

131 1575 192 1652 iege
209 1573 346 1633 Terentia
361 1585 392 1632 et
418 1572 515 1633 Cassia
536 1574 611 1646 (iata
628 1577 665 1633 A.
688 1577 726 1632 U.
747 1576 781 1632 C.
805 1573 879 1645 680,
902 1592 920 1630 a
945 1572 1062 1632 duobus
1082 1591 1156 1631 coss.

130 1675 162 1730 C.
174 1671 275 1730 Cassio
290 1683 320 1730 et
335 1674 379 1728 Μ.
388 1670 544 1744 Terentio)
564 1690 660 1730 emere
672 1670 792 1729 deberet
805 1670 980 1729 frumentum
993 1671 1023 1729 in
1038 1670 1137 1730 Sicilia
1151 1677 1160 1727 3

132 1766 252 1826 emundi
262 1779 360 1825 autem
374 1766 433 1825 duo
447 1786 553 1844 genera
568 1779 680 1839 essent,
696 1787 787 1825 unum
799 1767 956 1825 alterarum
973 1765 1160 1827 decumarum

131 1863 141 1938 (
152 1862 182 1921 h.
193 1884 220 1921 e.
236 1876 270 1922 ut
282 1876 424 1940 quantum
436 1882 474 1921 ex
490 1863 592 1940 primis
605 1862 735 1922 decumis
747 1862 868 1935 fuisset,
885 1875 997 1922 mattam
1012 1876 1158 1922 emeretur

132 1960 226 2038 pretio
240 1960 270 2018 in
282 1960 409 2038 singulos
422 1958 534 2018 modios
548 1960 705 2018 constituto
724 1963 787 2020 H·S
804 1958 912 2038 ternis)
930 1960 1052 2020 alterum
1064 1960 1157 2038 impe-

131 2069 239 2129 ratum,
251 2056 282 2115 h.
297 2076 322 2114 e.
337 2058 417 2133 quod
427 2055 594 2115 civitatibus
604 2056 755 2132 equaliter
767 2069 843 2114 esset
855 2056 1042 2115 distributum
1054 2057 1083 2114 in
1099 2075 1158 2134 quo

130 2152 216 2212 tritici
239 2152 367 2210 modium
392 2171 478 2210 taceo
498 2152 588 2210 millia
608 2164 693 2210 eram
709 2151 844 2224 emenda,
858 2153 954 2230 pretio
975 2153 1006 2210 in
1029 2155 1158 2233 singulos
1258 2204 1264 2215 ,

129 2249 242 2308 modios
252 2250 412 2307 eonstituto
428 2251 497 2308 H·S
509 2248 677 2327 quaternis)
696 2267 845 2326 quttmque
856 2268 912 2327 pro
925 2251 1004 2307 omni
1021 2250 1078 2309 isto
1089 2250 1153 2308 iru-

129 2358 226 2405 mento
242 2365 296 2424 per
315 2344 444 2422 singulos
465 2345 582 2403 triennii
599 2364 691 2404 nunus
704 2364 798 2423 prope
818 2349 876 2406 H·S
893 2345 1002 2405 centies
1017 2359 1047 2404 et
1063 2347 1159 2405 tricies

127 2442 278 2518 (656‚000
286 2441 342 2514 fr.)
363 2440 450 2500 Verri
471 2453 625 2519 erogatum
647 2455 739 2514 esset,
765 2441 866 2501 Cicero
889 2441 1160 2502 demonstratiuae

129 2537 281 2615 pecatum
292 2536 333 2595 ita
342 2535 380 2594 ab
392 2556 430 2594 eo
440 2537 593 2595 laceratam
607 2556 682 2607 esse,
691 2550 723 2595 ut
736 2535 855 2615 probari
865 2538 956 2616 possit
967 2559 1033 2597 oum
1042 2558 1158 2598 omnem
1246 2584 1251 2593 .

130 2635 205 2693 itanc
226 2634 380 2712 pecuniam
399 2633 520 2692 domurn
537 2653 618 2692 suam
635 2635 785 2707 avertisse,
802 2655 849 2707 70·
865 2635 993 2695 Primum
1015 2636 1161 2706 ostendit,

128 2751 195 2788 eum
213 2729 268 2788 hac
287 2729 410 2807 pecunia
428 2717 546 2808 publiea
560 2751 596 2789 ex
611 2731 716 2788 aerario
731 2744 847 2809 erogata
865 2730 1057 2810 adquaestum
1074 2752 1159 2792 suum

128 2829 169 2886 sic
183 2826 307 2886 abusum
321 2845 400 2897 eme,
412 2840 444 2885 ut
459 2846 522 2885 eam
533 2825 610 2886 binis
624 2828 785 2887 centesimis
796 2830 892 2887 usuris
904 2830 1105 2893 foeneraretur.
1122 2832 1157 2891 Id

129 2926 318 2984 confirmatur
331 2924 422 2982 literis
435 2929 468 2983 Ρ.
478 2924 568 2983 Vettii
583 2925 730 2998 Chilonis,
745 2946 793 2998 71,
807 2945 855 3000 7²·
876 2927 989 2986 Deinde
1003 2930 1155 3007 permultis

130 3019 299 3081 civitatibus
310 3026 432 3079 Verrem
455 3039 510 3099 pro
529 3021 676 3080 frumento
696 3037 793 3100 empto
812 3023 1020 3084 nihilomnino
1039 3025 1158 3084 solvisse

132 3117 329 3176 demonstrat:
347 3118 481 3195 exemplo
495 3117 674 3194 potissimum
689 3114 833 3178 Halesine
846 3120 988 3194 civitatis,
1009 3122 1056 3180 eui
1067 3141 1158 3200 quum

129 3214 264 3273 inunnos
280 3214 408 3292 singulos
420 3215 568 3292 sexaginta
584 3215 671 3274 tritici
683 3216 772 3274 miliia
790 3215 919 3275 modium
933 3218 1152 3297 imperavisset,
1191 3250 1195 3256 ·

130 3333 184 3389 pro
194 3313 291 3372 tritico
306 3331 440 3371 nummos
452 3311 581 3384 abstulit,
589 3315 689 3391 quanti
704 3328 766 3374 erat
777 3314 806 3372 in
815 3315 913 3376 Sioiiia
925 3298 1069 3387 triticum3
1084 3336 1158 3394 quos

130 3409 164 3466 de
178 3409 300 3488 publico
311 3428 446 3468 nummos
454 3424 614 3489 acceperat,
628 3412 746 3471 retinuit
759 3432 867 3471 omnes.
878 3419 913 3472 In
926 3415 1027 3492 primis
1037 3403 1159 3472 docetur

130 3510 225 3564 AEneae
246 3505 374 3563 Halesini
392 3506 574 3574 narratione,
588 3527 674 3579 eum,
690 3528 781 3585 quum
797 3510 893 3567 omnis
914 3509 1049 3567 frumenti
1072 3510 1158 3587 copia

129 3602 314 3662 decumarum
327 3603 445 3660 nomine
459 3623 547 3679 penos
560 3603 646 3662 istum
661 3619 736 3663 esset
749 3605 879 3678 redacta,
894 3606 1008 3664 soiitum
1020 3626 1082 3665 esse
1094 3606 1156 3663 fru-

130 3713 270 3771 mentum,
287 3698 384 3776 quod,
404 3699 561 3756 alterarum
583 3692 769 3759 decumarum
790 3703 926 3775 nomine,
944 3702 990 3760 vel
1007 3703 1086 3781 quod
1102 3706 1155 3759 im-

128 3811 259 3872 peratum
271 3809 363 3865 esset,
380 3794 533 3854 emendum
547 3810 624 3867 erat,
641 3797 820 3876 improbare,
837 3812 865 3857 et
880 3818 935 3876 pro
948 3819 985 3858 eo
1000 3798 1150 3877 pecuniam

129 3896 262 3970 exigere3
288 3891 395 3950 deinde
414 3905 553 3969 quiantum
576 3893 713 3952 frumenti
727 3901 848 3954 Romam
867 3909 941 3953 esset
962 3894 1156 3968 mittendum,

129 4002 239 4047 tanturm
253 3989 291 4046 dc
307 4009 361 4046 suo
374 4002 484 4065 questu
499 4010 533 4048 ac
544 3990 580 4048 de
594 4009 645 4049 suta
655 3992 739 4068 eopia
757 3992 894 4051 frumenti
910 3993 1032 4061 mittere,
1046 3992 1154 4064 73-77.

130 4084 278 4139 Postremo
292 4081 394 4139 Ciocro
408 4081 534 4141 ostendit
544 4087 664 4141 Verrem
677 4103 713 4141 cx
725 4085 802 4142 omni
818 4085 939 4162 pectinis
953 4101 1039 4161 quam
1056 4097 1154 4143 arato-
