2670 4838
292 381 349 449 1u
374 347 598 448 viennen
625 381 734 448 Aur.
761 382 820 463 11,
847 381 944 448 mu.
970 383 1045 450 111.
1159 382 1202 479 37

133 515 259 575 utrum
279 502 329 570 ita
346 502 549 599 scripserit,
569 505 599 572 si
617 517 698 573 uter
718 502 830 588 volet,
850 527 914 588 an,
933 508 962 571 si
982 502 1204 575 decumanus

130 610 247 697 volet,
270 608 359 679 nihil
385 612 556 680 interest:
577 624 697 681 arator
720 613 816 681 enim
838 626 921 682 tuos
941 613 1028 682 istos
1052 638 1223 713 recupeg

130 735 269 791 ratores
290 729 517 817 'numquam2
541 721 648 792 volet.

179 834 302 924 Quid?
326 834 385 904 illa
412 833 615 929 cujusmodi
643 850 746 922 sunt,
773 860 854 932 quae
880 859 923 905 ex
951 850 1133 933 tempore,
1158 836 1203 908 ab

129 945 294 1042 Apronio
317 943 547 1028 admonitus,
578 945 715 1015 edixit?
739 950 786 1035 Q.
811 943 1001 1042 Septiti0³‚
1023 946 1203 1019 honestis·

129 1057 222 1123 simo
240 1052 408 1140 homine,
425 1056 621 1149 equiteque
634 1079 802 1142 romano,
817 1059 1005 1126 resistente
1019 1061 1201 1154 Apronio,

129 1177 164 1232 et
180 1159 403 1245 affirmante,
423 1186 460 1234 se
477 1162 559 1260 plus
575 1163 726 1235 decuma
740 1188 816 1234 non
830 1162 1022 1253 daturum,
1041 1171 1203 1240 exoritur

129 1272 310 1370 peculiare
331 1272 491 1344 edictum
513 1275 766 1371 repentinum,
794 1298 841 1345 ne
868 1277 951 1371 quis
976 1274 1200 1349 frumentum

128 1380 173 1452 de
201 1407 283 1453 area
314 1380 458 1453 tolleret
479 1398 582 1472 ante,
605 1406 715 1480 quam
738 1408 822 1454 cum
848 1384 1052 1457 decumano
1075 1405 1202 1485 pactus
1271 1417 1275 1431 ·

128 1498 257 1564 essetl.
272 1492 424 1564 Ferebat
439 1493 534 1564 hanc
551 1518 700 1591 quoque
715 1494 942 1589 iniquitatem
961 1499 1150 1593 Septitius‚
1166 1517 1201 1571 et

127 1602 235 1674 imbri
249 1603 474 1675 frumentum
489 1607 674 1703 corrumpi
691 1608 728 1675 iu
743 1628 824 1676 area
840 1604 1065 1702 patiebatur:
1083 1632 1200 1704 quum

126 1713 217 1784 illud
230 1714 391 1786 edictum
404 1729 555 1814 repente
568 1713 794 1787 uberrimum
806 1729 842 1786 et
853 1720 1199 1812 quaestuosissimunr

126 1827 301 1912 nascitur,
325 1840 366 1896 ut
390 1840 473 1896 ante
501 1824 673 1900 kalendas
700 1839 788 1895 sext.
816 1850 942 1897 ornnes
965 1826 1135 1902 decumas
1154 1829 1200 1906 ad

125 1933 282 2032 aquam⁵
306 1935 512 2034 deportatas
537 1935 725 2010 haberent.
751 1939 828 2006 lloc
849 1936 970 2029 edicto
996 1963 1071 2007 uon
1090 1940 1199 2011 Siculi

126 2046 234 2141 (nam
255 2070 317 2118 eos
339 2041 488 2144 quidem
506 2046 579 2142 jam
602 2043 851 2144 superioribus
869 2046 996 2118 edictis
1015 2052 1099 2119 satis
1118 2074 1199 2146 per·

125 2155 265 2228 diderat
283 2172 393 2254 atque
408 2154 628 2249 afflixerat),
645 2154 708 2226 sed
725 2157 783 2226 isti
799 2157 867 2253 ipsi
885 2158 1025 2251 equites
1039 2163 1198 2246 romani,

125 2271 188 2364 qui
202 2291 309 2338 suum
320 2268 381 2362 jus
393 2269 550 2338 retinere
567 2290 605 2337 se
619 2280 745 2336 contra
758 2266 961 2364 Apronium
974 2291 1081 2364 posse
1096 2283 1199 2339 erant

123 2375 306 2465 arbitrati,
325 2376 508 2475 splendidi
528 2376 711 2464 homines,
730 2389 767 2447 et
785 2376 862 2447 aliis
884 2376 1098 2474 praetoribus
1116 2405 1197 2476 gra·

123 2490 224 2575 tiosi,
253 2489 364 2560 vincti
391 2490 575 2585 Apronio,
602 2485 722 2558 traditi
748 2501 843 2557 sunt.
873 2486 1055 2557 Attendite
1080 2491 1194 2575 cuim,

122 2597 326 2693 cujusmodi
349 2599 466 2670 edicta
489 2601 570 2668 sint.
597 2602 650 2668 Nn
672 2623 830 2685 ronnnr,
855 2599 995 2694 iuquit,
1017 2624 1060 2667 nx
1082 2625 1194 2689 lunt,

121 2734 189 2781 rust
215 2735 298 2780 unm
322 2734 468 2780 riorus.
491 2711 580 2779 Satis
602 2708 679 2778 haec
702 2732 832 2805 magna
851 2709 903 2778 vis
926 2706 1045 2778 estad
1070 2711 1193 2806 inique

120 2818 377 2914 paciscendum
394 2845 401 2886 :
421 2818 516 2889 malo
536 2815 658 2889 enim⁶
677 2817 758 2915 plus
777 2817 881 2904 dare,
898 2842 1008 2913 quarn
1028 2843 1103 2889 non
1120 2843 1193 2891 ma-

119 2941 201 2998 ture
228 2953 273 3000 ex
296 2951 378 2998 urea
403 2928 541 2998 tollere.
564 2930 610 2997 At
636 2929 700 3000 ista
724 2929 776 2996 vis
802 2929 1014 3024 Septitium,
1036 2943 1073 2998 et
1096 2954 1190 3002 nou,-

117 3155 275 3218 quodeinon
281 3156 630 3220 displiceremiror.-Lrueus.
677 3156 765 3211 tiuruu,
781 3155 806 3204 h.
821 3171 842 3204 e.
859 3170 910 3202 non
922 3170 954 3202 ex
964 3155 1022 3204 enni
1036 3157 1122 3213 luido,
1137 3173 1189 3219 quo

118 3237 137 3282 1.
154 3252 176 3284 e.
193 3234 279 3293 nihili,
295 3236 351 3283 vilis
364 3248 393 3285 ut
405 3236 492 3288 lutum.
502 3237 542 3285 sie
552 3235 630 3284 etant.
674 3236 723 3294 jam
733 3234 884 3299 provinciale
896 3250 966 3281 suum
980 3234 1086 3282 edictum
1101 3237 1190 3283 Verres

117 3315 231 3363 Trinum.
246 3317 290 3371 tv.
314 3325 344 3374 4,
361 3331 392 3365 r:
409 3316 494 3364 «lutee
507 3325 543 3363 cst
556 3331 631 3363 mere·
676 3315 702 3361 in
714 3313 772 3362 elbo
783 3314 1010 3377 proposuer·at,eed
1025 3330 1056 3360 ex
1070 3326 1189 3378 ternpore,

115 3395 194 3441 trix».
208 3399 280 3444 Forte
293 3395 365 3442 etiem
377 3394 442 3451 ludit
455 3397 480 3442 in
490 3395 573 3444 Verris
586 3410 632 3441 no-
676 3392 789 3456 Apronio
799 3408 826 3439 ee
842 3392 873 3439 de
883 3407 954 3439 eausa
969 3403 1081 3454 urgente,
1101 3395 1191 3441 consti·

114 3489 186 3531 men,
199 3472 268 3535 quud
276 3475 309 3523 eit
319 3496 332 3515 u
341 3474 418 3526 amice
427 3475 481 3522 luto
491 3490 531 3521 sur
541 3496 561 3520 a.
677 3482 765 3520 tntum.
773 3472 810 3518 ue
819 3471 857 3517 bis
866 3471 999 3533 repentinis
1010 3470 1096 3519 edictis
1105 3473 1190 3520 confer

152 3569 178 3600 u.
194 3554 343 3616 Numquam.
362 3555 398 3600 Ita
419 3552 493 3600 codd.
508 3551 593 3599 Nann.
605 3563 631 3600 et
677 3551 739 3600 intra
753 3565 786 3597 20
797 3583 803 3607 ,
815 3560 840 3596 et
849 3551 922 3597 Verr.
935 3552 961 3604 1.
974 3551 1020 3608 tt,
1034 3551 1077 3605 46.

113 3631 297 3689 Metellolim,
306 3631 427 3695 numquid
437 3632 523 3679 volet?
535 3632 551 3678 J
553 3632 591 3678 Ν.
601 3632 629 3680 L.
712 3638 736 3685 t.
752 3632 840 3676 Pactus
854 3639 921 3675 esset.
933 3629 1097 3691 Trenregisret
1108 3629 1138 3678 de
1148 3631 1188 3677 de·

151 3714 176 3759 3.
194 3713 223 3773 Q.
242 3710 349 3773 Septicio.
368 3713 451 3774 Quum
465 3712 497 3773 Q.
513 3711 630 3773 Septitius
675 3724 752 3757 cumae
765 3724 867 3756 numero
875 3706 1047 3771 persolvendo.

113 3792 229 3855 Apronio
240 3789 494 3850 resisteret,subitoin
503 3788 629 3852 publicum
712 3788 735 3834 5.
746 3787 790 3836 Ad
799 3803 899 3850 aquam.
915 3785 955 3834 Ad
965 3785 1023 3834 litus
1034 3787 1090 3836 frui
1101 3786 1189 3843 stt-utu

112 3870 200 3934 prodit
212 3869 318 3917 edictum
333 3869 472 3933 peculiare,
488 3871 505 3916 i.
520 3885 543 3917 e.
558 3868 628 3932 quod
675 3865 739 3914 uude
753 3870 858 3915 Romam
875 3867 1044 3925 eveherentur.

111 3948 270 4014 peculiariter
283 3959 305 3995 et
320 3950 389 4011 quasi
402 3948 546 3996 nominatim
555 3947 629 3995 scribi
710 3947 734 3996 6.
748 3947 815 3996 Malo
825 3947 897 3994 enim.
908 3948 963 3994 lloc
972 3947 1074 3994 aratoris
1087 3946 1186 3993 nominc

110 4028 184 4088 justit
197 4029 223 4075 in
233 4030 265 4090 Q.
276 4027 406 4091 Septitium
414 4043 522 4093 quocum
532 4037 631 4075 contro·
676 4026 921 4075 dicitur-Mature.
932 4029 1069 4090 Antequam
1083 4025 1185 4079 frumen·

112 4108 216 4157 versiam
230 4105 336 4164 habebnt
350 4105 490 4171 Apronium
508 4117 532 4154 et
545 4121 631 4170 repen·
678 4117 701 4153 te
715 4117 913 4170 corrumpentur.
