2654 5220
228 760 248 838 d

563 751 959 823 ARGUMENTUM.

266 875 412 945 cumanis,
434 867 470 930 ad
493 873 548 943 663
573 873 607 942 4⁰
620 872 658 931 ab
680 873 920 952 interpretatione
940 869 1131 930 Timarchidis
1150 869 1292 951 epistole,

267 973 303 1030 ad
315 973 365 1048 69.

304 1069 402 1127 Altera
417 1079 446 1124 et
465 1067 550 1125 tertia
574 1087 643 1146 pars
664 1067 868 1126 contentionis.
885 1066 1024 1138 Quamvis
1044 1065 1075 1122 in
1095 1065 1191 1143 prima
1213 1079 1293 1144 parte

266 1164 414 1243 promissis
425 1163 485 1221 suis
497 1177 598 1221 orator
610 1161 726 1222 abunde
739 1163 910 1221 satisfecisse
924 1161 1067 1236 videatur,
1074 1174 1103 1218 et
1114 1161 1181 1220 luce
1191 1161 1295 1220 clarius

266 1262 493 1331 demonstrasse,
520 1281 556 1318 ex
573 1260 698 1319 Verrina
723 1260 909 1317 decumarum
930 1258 1098 1316 venditione
1123 1257 1238 1317 nullum
1260 1257 1296 1317 ad

266 1356 476 1436 rempublicam
496 1357 724 1415 emolumentum
744 1355 882 1414 rediisse:
896 1357 956 1413 imo
977 1355 1056 1412 illam
1072 1373 1253 1414 summarum
1266 1356 1295 1414 in

265 1454 360 1512 socios
379 1452 568 1530 injuriarum,
582 1453 668 1510 Verri
682 1466 779 1511 autem
793 1452 912 1508 infinitae
928 1449 1035 1528 praedae
1049 1468 1167 1508 causam
1184 1451 1272 1511 fuisse
1287 1474 1294 1508 :

268 1564 363 1608 tamen
381 1563 415 1607 nt
434 1548 609 1607 defensionis
623 1547 754 1607 Verrinae
773 1547 1025 1626 propugnaculum
1049 1547 1139 1624 magis
1155 1566 1191 1605 ac
1207 1549 1297 1624 magis

267 1645 424 1716 convellat3
446 1658 475 1703 et
491 1657 523 1702 ut
539 1664 648 1722 nequa
669 1645 795 1723 suspicio
812 1644 859 1700 vol
874 1643 994 1701 minima
1007 1643 1134 1701 resideat
1149 1643 1181 1701 in
1195 1645 1297 1703 animis

264 1743 411 1821 judicum,
435 1743 522 1801 istum
543 1742 703 1820 respexisse
719 1742 767 1800 vel
789 1740 933 1799 tantillum
957 1740 1170 1799 adcommoda
1195 1743 1297 1821 populi

268 1839 398 1910 romani;
416 1857 492 1896 nova
506 1838 634 1915 quinque
650 1836 770 1895 adducit
783 1849 969 1913 argumenta,
982 1835 1105 1912 quibus,
1122 1836 1195 1895 dum
1208 1857 1297 1916 supe-

268 1937 345 1994 riora
365 1933 555 2005 corroborat,
579 1929 807 1991 demonstrando
827 1932 938 1990 nullum
954 1930 1105 2010 praedandi
1127 1952 1219 2010 genus
1237 1951 1298 1992 esse

269 2035 299 2090 in
314 2052 373 2110 quo
389 2029 547 2090 indomitus
560 2030 615 2088 iste
628 2029 728 2107 praedo
741 2027 847 2089 Siciliae
859 2028 967 2086 nefarie
981 2043 1111 2088 versatus
1122 2048 1182 2088 non
1195 2030 1297 2102 fuerit,

268 2128 297 2186 id
316 2127 397 2206 quod
419 2125 544 2183 intendit
562 2125 755 2203 persequitur.
778 2124 895 2182 Judices
912 2125 1023 2201 quippe
1041 2126 1204 2184 necessario
1225 2146 1297 2184 con·

271 2223 363 2282 vincit
384 2221 547 2280 istiusmodi
567 2221 714 2279 hominem
735 2220 773 2278 de
792 2219 896 2299 populi
921 2219 1082 2277 commodis
1102 2240 1140 2278 ne
1159 2223 1298 2300 cogitasse

270 2318 411 2397 quidem3
430 2329 518 2396 atque
536 2315 609 2375 adeo
629 2336 688 2374 non
703 2336 779 2389 esse,
803 2315 884 2394 quod
897 2315 997 2374 Verris
1017 2316 1103 2374 amici
1117 2316 1197 2376 illam
1216 2319 1298 2378 istius

272 2415 469 2475 defensionem
483 2427 636 2492 tantopere
644 2413 786 2491 jactitent.

311 2519 488 2592 Argumenta
502 2511 551 2570 illa
565 2524 647 2582 sunt,
662 2511 783 2589 1⁰qu0d
795 2518 902 2571 Verres
918 2512 1071 2590 pecuniam
1086 2510 1235 2590 publicam
1248 2514 1299 2572 foe-

273 2623 390 2668 neratus
401 2621 461 2680 est;
472 2605 505 2665 2⁰
512 2605 592 2685 quod
606 2608 704 2666 multis
717 2607 881 2666 aratoribus
895 2628 950 2686 pro
960 2608 1105 2666 frumento
1117 2609 1189 2668 nihil
1204 2610 1300 2680 solvit,

275 2703 397 2781 3⁰quod
411 2704 461 2775 iis,
478 2702 585 2780 quibus
600 2703 708 2774 solvit,
725 2721 783 2760 non
800 2717 892 2761 totum
905 2703 993 2761 solvit
1005 2726 1013 2775 ;
1027 2700 1146 2780 l⁰quod
1162 2705 1300 2764 frumenti

273 2801 364 2860 multo
379 2800 511 2878 amplius,
524 2818 610 2878 quam
621 2812 763 2875 quantum
775 2799 802 2856 ei
814 2800 844 2856 in
855 2800 956 2858 cellam
971 2820 1084 2859 sumere
1094 2801 1206 2860 licitum
1216 2816 1301 2871 esset,

274 2895 438 2956 civitatibus
459 2894 631 2974 imperavit;
656 2891 781 2973 5⁰-quod
800 2894 875 2953 idem
896 2896 1072 2954 frumentum
1093 2897 1184 2954 multo
1209 2899 1301 2976 pluris

275 2994 442 3062 aestimavit,
466 3011 555 3070 quam
572 3008 693 3069 usquam
705 2992 883 3051 venderetur
896 2993 926 3050 in
940 2994 1100 3071 provincia.
1115 2998 1229 3054 Horum
1246 2997 1301 3054 tria

273 3092 372 3171 priora
387 3090 419 3148 in
433 3088 560 3148 secunda
571 3100 670 3165 parte,
687 3086 724 3145 ad
737 3089 789 3161 813
809 3087 869 3148 duo
881 3091 1044 3167 posteriora
1056 3089 1086 3147 in
1101 3093 1186 3150 tertia
1200 3105 1300 3170 parte,

275 3187 310 3246 ad
323 3208 374 3265 97,
388 3187 580 3265 explicantur.
673 3241 679 3259 ,

312 3285 478 3357 Peroratio,
503 3304 554 3342 seu
569 3284 666 3362 potius
681 3286 843 3356 conclusio,
863 3286 895 3344 lit
909 3305 963 3363 per
976 3285 1182 3364 apostropham
1203 3287 1240 3346 ad
1251 3287 1300 3365 jn-

275 3381 366 3452 dices,
381 3399 454 3458 quos
470 3380 507 3438 ad
521 3381 703 3439 severitatem
718 3382 803 3439 acuit.

317 3476 587 3554 interpretationem
607 3477 655 3536 hic
676 3479 846 3556 priusquam
866 3479 987 3538 diversae
1000 3479 1141 3537 orationis
1156 3493 1254 3558 partes
1271 3483 1301 3538 in

276 3574 395 3652 synopsi
417 3573 597 3651 explicentur
618 3573 721 3652 subjici
739 3576 865 3653 pretium
879 3575 941 3634 fore
962 3596 1058 3654 operae
1073 3575 1209 3634 duximus
1224 3596 1301 3655 quo-

274 3669 406 3730 rumdam
417 3670 589 3740 verbnrum,
600 3689 680 3746 quae,
690 3671 758 3748 quia
768 3672 873 3748 saepius
882 3671 936 3729 hac
945 3672 975 3728 in
983 3673 1114 3730 oratione
1128 3687 1301 3745 occurrunt,

274 3767 362 3828 semel
377 3765 508 3843 exposita
523 3765 639 3824 lectoris
655 3765 784 3826 laborem
798 3766 971 3826 allevabunt

316 3868 519 3933 Frumentum,
534 3875 579 3920 est
597 3881 704 3920 nomen
718 3883 885 3937 commune,
905 3863 985 3942 quod
1006 3865 1150 3937 triticam,
1174 3868 1301 3938 milium,

274 3961 327 4032 far,
341 3958 484 4016 hordeum
498 3959 716 4037 complectitur3
731 3973 760 4018 et
775 3980 875 4018 omnes
886 3960 1012 4040 denique
1027 3963 1123 4042 fruges
1137 3982 1203 4040 quae
1219 3966 1301 4042 legn-

273 4059 352 4116 mina
364 4076 423 4115 non
436 4069 511 4114 sunt.
524 4056 595 4114 Plin.
606 4077 642 4115 ex
651 4057 800 4136 Theophr.
813 4057 864 4117 lib.
872 4063 989 4133 xvm,
1003 4081 1065 4139 cap.
1078 4082 1107 4137 9.

314 4153 494 4225 Medimnus,
514 4174 566 4212 seu
577 4152 753 4213 medimnum
767 4155 797 4213 in
810 4169 930 4228 neutro,
956 4159 1034 4236 apud
1047 4159 1234 4229 Ciceronem
1251 4181 1303 4219 seu

273 4249 419 4310 medimna
432 4249 462 4306 in
477 4250 602 4308 femineo
616 4249 694 4329 apud
709 4251 869 4322 Isidorum,
885 4253 935 4330 qui
950 4254 980 4311 in
999 4253 1085 4330 hujus
1098 4252 1180 4312 verbi
1202 4268 1301 4332 etymo

272 4345 389 4426 illepide
403 4360 572 4424 argutatum
588 4347 696 4406 Graecis
708 4361 770 4406 erat
781 4369 916 4407 mensura
930 4349 1078 4408 aridorum
1092 4373 1099 4406 ε
1115 4363 1185 4428 puta
1203 4353 1302 4422 tritici,

269 4443 373 4505 Mrdei
386 4482 394 4513 ,
409 4455 463 4501 etc.
476 4443 601 4520 denique
617 4443 743 4519 cujusvis
761 4445 913 4516 strumenti,
931 4459 959 4504 ot
974 4447 1158 4524 leguminum.
1171 4450 1301 4506 Varinus
