2670 4838
283 368 337 434 IN
364 366 587 434 VERREM
614 366 721 435 tut.
748 368 807 448 Il,
832 366 929 433 LlB.
955 365 1031 433 ΙΙΙ.
1148 368 1191 440 35

122 487 252 560 ferret:
274 488 345 558 hoc
363 486 428 558 tibi
446 484 667 558 ‹lesensionis
685 485 731 556 ad
748 484 922 580 judicium
946 501 1049 557 tuum
1064 499 1073 529 ¹
1098 511 1195 561 com·

122 598 292 697 parabas,
307 598 474 670 habuisse
492 615 526 669 te
542 599 720 683 edictum,
734 612 1009 694 recuperatores
1024 597 1194 673 daturum

124 715 160 779 in
178 709 389 806 octuplum?
408 711 443 780 Si
464 707 670 780 mehercule
689 733 734 778 ex
756 710 856 778 omni
870 709 975 803 copia
993 725 1195 782 conventus

121 823 359 917 Syracusani,
382 818 754 917 splendidissimorum
783 818 1195 918 honestissimorumque

124 931 339 1017 hominum,
360 927 495 999 faceres
518 941 732 1028 potestatem
750 929 897 1009 aratori,
920 953 995 997 non
1012 930 1124 1000 modo
1142 957 1196 1005 re-

121 1040 300 1134 jicinndi,
329 1038 391 1110 sed
423 1042 531 1110 etiam
558 1037 726 1109 sumendi
756 1051 1052 1135 recuperatores:
1075 1055 1197 1113 tamen

124 1150 195 1220 hoc
223 1173 361 1219 novum
388 1172 503 1243 genus
528 1149 666 1242 injuriae
694 1146 788 1218 serre
816 1172 926 1218 nemo
958 1165 1097 1244 posset,
1125 1163 1197 1240 te²,

124 1283 242 1354 quum
266 1273 351 1328 tuos
374 1283 502 1329 omnes
530 1256 668 1329 lrnctus
696 1256 892 1353 publicano
913 1257 1138 1346 tradidisses,
1162 1277 1199 1333 et

124 1394 202 1439 rem
228 1367 274 1439 de
297 1362 467 1439 manibus
494 1369 689 1450 amisisses,
713 1350 791 1437 tum
814 1365 912 1437 bona
934 1383 993 1438 tua
1016 1386 1198 1467 repetere,

125 1505 166 1549 ac
184 1481 355 1577 persequi
379 1479 440 1549 lite
463 1493 573 1574 atque
589 1475 739 1573 jndicio.
765 1479 889 1566 Quum
913 1502 998 1548 vero
1013 1478 1125 1550 verbo
1136 1481 1198 1574 ju·

126 1590 262 1661 dicium
290 1591 334 1659 sit
357 1592 395 1659 in
420 1588 558 1674 edicto,
582 1613 622 1657 re
643 1585 791 1682 quidem
813 1611 896 1656 vera
917 1600 1067 1658 tnorum
1086 1592 1197 1661 comi-

126 1714 225 1783 tum,
248 1698 439 1769 hominurn
464 1699 788 1794 nequissimorum,
810 1696 962 1767 collusio
985 1720 1069 1769 cum
1086 1699 1198 1771 decu·

126 1810 261 1896 uronis,
276 1809 382 1879 sociis
394 1813 484 1889 tuis,
496 1822 605 1902 atque
622 1806 713 1876 adeo
729 1806 1063 1902 procuratoribus³=
1081 1826 1201 1883 tamen

126 1918 238 1990 andes
270 1920 388 1991 illiusi
419 1918 547 2014 judicii
578 1919 800 1988 mentionem
830 1916 968 2004 lacere3
1001 1926 1200 2015 praesertim

126 2056 240 2126 quum
265 2030 302 2100 id
325 2056 401 2101 non
422 2031 531 2100 modo
554 2031 718 2100 oratione
738 2052 835 2107 mea,
858 2027 920 2099 sed
940 2031 1047 2102 etiam
1067 2056 1106 2102 re
1124 2034 1202 2129 ipsa

127 2140 335 2212 refellatur?
351 2166 464 2238 quum
487 2144 522 2210 in
546 2143 652 2210 tantis
669 2139 909 2211 incommodis
927 2155 1126 2226 aratorum,
1147 2145 1201 2213 in·

125 2251 303 2348 juriisqne
336 2250 644 2333 decumanorum,
676 2248 819 2320 nullum
853 2274 897 2318 ex
927 2251 994 2321 isto
1027 2253 1200 2349 praeclaro

127 2362 247 2432 edicto
267 2387 342 2431 non
357 2361 469 2431 modo
486 2357 656 2446 factum⁵,
672 2361 734 2430 sad
753 2383 798 2429 ne
816 2358 1037 2457 postulatum
1053 2363 1201 2458 quidem

124 2472 303 2562 judicium
319 2473 547 2541 inveniatur?
573 2472 647 2540 Erit
674 2485 795 2540 tamen
824 2473 861 2539 in
890 2485 1048 2541 aratores
1075 2472 1202 2559 lenior,

129 2606 235 2678 quam
259 2581 423 2652 videtur:
444 2606 546 2667 nam,
567 2583 632 2677 qui
654 2584 689 2649 in
710 2580 931 2651 decumanos
948 2583 1087 2679 octupli
1103 2583 1200 2676 judi·

128 2695 222 2762 cium
245 2717 284 2761 se
304 2691 473 2763 ‹laturnm
492 2692 620 2777 edixit,
641 2689 736 2762 idem
757 2689 883 2761 habuit
899 2692 936 2759 in
953 2690 1091 2780 edictu,
1111 2717 1149 2764 se
1164 2695 1200 2763 in
1242 2682 1252 2702 ⁸

129 2798 328 2873 aratorem⁶
350 2804 385 2870 in
407 2801 652 2898 quadruplum
674 2799 855 2870 daturum.
876 2801 966 2888 Quis
979 2799 1078 2871 hunc
1092 2801 1202 2873 audet

129 2910 245 2982 dicero
286 2909 487 2980 aratoribus
522 2908 693 2980 infestum
730 2925 793 2980 ant
829 2910 1039 2979 inimicum⁷
1069 2910 1201 2992 luisse?

130 3037 266 3116 quanto
288 3022 406 3091 lenior
426 3038 498 3105 est,
522 3046 631 3117 qnam
651 3025 688 3090 in
709 3020 968 3118 publicanum?
985 3020 1122 3105 Edixit,
1143 3040 1199 3105 nt,

159 3227 232 3272 Xlll.
247 3239 269 3272 1.
291 3225 415 3271 Iudicium
428 3237 504 3272 tutam.
519 3227 589 3271 Hanc
602 3241 643 3271 ac·
724 3225 748 3270 ὃ.
761 3222 969 3271 Procttratoribua.
983 3227 1033 3286 Qui
1046 3224 1091 3273 tibi
1102 3229 1128 3273 in
1139 3245 1202 3291 prta·

131 3305 285 3352 cusationem.
688 3300 770 3348 dando
782 3316 882 3364 operam
897 3318 965 3348 auam
979 3315 1078 3352 navant.

160 3382 372 3447 a.Wyttenbacla.
380 3381 444 3430 Bibl.
454 3382 507 3429 crit.
516 3386 549 3440 ΙΙ,
561 3399 585 3446 p.
599 3384 642 3439 1³,
723 3388 747 3435 4.
758 3385 819 3430 Met.
831 3391 855 3427 et
864 3380 945 3428 Nann.
960 3382 1042 3443 ullius,
1053 3386 1120 3444 qnod
1131 3387 1204 3435 malea

130 3461 238 3508 mitat
249 3476 256 3509 ε
266 3484 278 3502 ι
285 3478 323 3509 se.
332 3499 338 3510 .
346 3477 427 3509 ‚soom
435 3499 440 3509 .
448 3498 453 3508 .
460 3461 609 3509 tradidisset.
617 3495 636 3509 ..
687 3458 794 3507 bathl.
801 3459 848 3506 Sed
858 3459 955 3522 vulgata
966 3461 1041 3524 magia
1050 3462 1141 3525 placat:
1150 3481 1203 3515 non

129 3541 641 3604 ambiet-..suamSchseuepitw.t.
687 3539 752 3586 enlm
770 3537 801 3584 da
824 3553 927 3585 numero
944 3539 1026 3601 agitur
1037 3541 1201 3605 judiciorum,

130 3644 160 3654 -
169 3620 400 3670 eemumsecunda
409 3620 461 3667 haec
475 3634 579 3682 persona
591 3634 642 3666 non
687 3616 731 3665 aad
744 3617 775 3665 de
786 3619 839 3680 ipaa
852 3617 939 3677 judicii
954 3631 1048 3668 natura.

130 3697 227 3745 Verrem
246 3697 381 3761 significat,
400 3699 442 3745 sed
464 3698 569 3761 exempli
586 3698 643 3745 loco
724 3698 748 3741 5.
760 3699 871 3746 Factum.
887 3700 909 3744 A
919 3699 1045 3757 judicibus
1058 3701 1168 3750 habitum
1178 3715 1202 3749 at

128 3780 237 3839 ponitur,
248 3789 273 3826 et
284 3779 350 3826 idern
359 3790 397 3825 est
405 3795 433 3826 ac
444 3779 465 3825 si
474 3778 540 3825 dicat
547 3778 644 3832 Cicero,
688 3777 829 3823 exercitum.

127 3869 246 3903 aratorem
260 3858 385 3921 aliquem,
399 3874 475 3922 qtmm
488 3873 545 3905 suos
560 3872 645 3906 omnes
723 3856 750 3904 ll.
762 3858 902 3903 Aratorem.
910 3859 959 3919 Qui
970 3859 1132 3910 decumanum
1141 3865 1202 3910 frata-

125 3936 221 3984 noctua
230 3936 366 4001 publicano
380 3937 521 3986 tradidisset
535 3953 565 3984 ex
582 3937 645 3995 inju-
688 3935 776 3982 dasaet.

126 4026 165 4062 ato
173 4016 645 4089 pretoriaedictostepetereaxxaltero
726 4031 749 4074 7.
772 4016 857 4061 Faern.
882 4029 905 4064 et
930 4020 1011 4066 Ursio.
1032 4033 1202 4084 curreaerunt,

124 4096 237 4160 ejraatlam
248 4097 365 4160 pretoria
377 4096 468 4146 edicto.
495 4080 500 4091 ⁸
691 4095 852 4155 «iniquum».
