2654 5220
537 918 539 922 ¹
563 824 952 923 Aaouunuruu.

262 959 460 1011 Romanorum
472 952 562 1012 luere.
574 956 762 1033 Syracusanis
773 968 883 1028 cetera,
895 975 962 1017 cum
971 954 1121 1033 libertate,
1136 979 1171 1017 ac
1183 959 1293 1038 legibus

264 1052 339 1125 suis,
361 1063 477 1111 servata
493 1064 581 1111 sunt:
599 1053 650 1112 sed
670 1074 739 1134 ager
754 1075 873 1126 eorum,
896 1056 948 1135 qui
963 1056 1045 1134 prius
1062 1057 1216 1126 Hieronis,
1233 1060 1292 1136 jam

265 1149 339 1225 reip.
360 1145 536 1206 decumanus
552 1148 644 1208 sactus
657 1161 719 1221 est,
742 1150 846 1210 eodem
863 1151 966 1224 modo,
990 1160 1078 1231 atque
1092 1152 1196 1212 iisdem
1210 1154 1293 1212 insti-

264 1245 346 1317 tutis,
368 1244 475 1323 quibus
492 1258 559 1304 ante
576 1247 731 1327 imperium
744 1251 848 1329 populi
866 1250 978 1308 romam
997 1250 1112 1309 iuerat:
1131 1271 1228 1330 neque
1246 1253 1294 1311 lex

265 1341 452 1403 decumarum
465 1341 652 1416 venditionis,
665 1356 759 1423 ne'que
771 1345 918 1405 vendendi
936 1360 987 1405 aut
1000 1360 1127 1426 tempus,
1148 1360 1200 1406 aut
1213 1348 1293 1406 locus

264 1451 457 1496 commutatus
480 1451 531 1497 est
560 1440 666 1499 Omnia
690 1442 754 1520 lege
774 1442 944 1517 Hieronica,
966 1442 997 1502 id
1016 1455 1077 1517 est,
1099 1464 1137 1506 ex
1156 1442 1294 1503 Hieronis

264 1534 402 1599 institutis
415 1534 531 1612 somper-
546 1534 683 1614 deinceps
697 1537 872 1596 factasunt:
887 1552 920 1597 ut
934 1539 1118 1616 Syracusanis
1133 1539 1294 1616 jucundior

266 1644 341 1689 esset
357 1649 435 1689 nova
452 1650 504 1689 sua
522 1631 666 1704 conditio,
683 1633 729 1691 «si
744 1633 806 1711 ejus
825 1634 919 1713 regis,
937 1634 989 1711 qui
1009 1635 1113 1694 Siculis
1129 1635 1294 1694 carissimus

266 1728 374 1798 suerat,
391 1747 450 1785 non
466 1728 559 1787 solum
573 1728 721 1803 instituta,
736 1743 913 1789 commutato
925 1731 1063 1810 imperio,
1083 1751 1187 1790 rerum
1208 1732 1294 1792 etiam

266 1843 373 1882 nomen
387 1838 517 1884 maneret
530 1851 553 1883 n.
564 1826 660 1898 Infra,
673 1846 737 1905 cap.
748 1827 777 1885 6.
1182 1826 1185 1837 ’

305 1924 441 1980 Ceterum
462 1921 574 1980 dehac
596 1935 657 1981 tota
674 1922 718 1981 rei
742 1924 936 1983 frumentaria
955 1923 1137 2001 expositione
1160 1926 1247 2004 plura
1267 1940 1296 1983 et

267 2017 413 2095 apertiora
433 2016 546 2075 dabunt
570 2038 635 2097 quae
655 2019 775 2079 omnino
797 2020 958 2079 necessaria
984 2019 1022 2078 ad
1044 2021 1153 2080 calcem
1174 2021 1296 2101 hujusce

266 2112 405 2183 orationis
419 2132 455 2171 ex
469 2113 638 2204 Desjardins
651 2113 862 2192 subjunximus.

618 2255 911 2348 SYNOPSIS.

231 2480 266 2541 ln
281 2452 563 2550 magnificentissuno
580 2472 702 2538 exordio
721 2473 824 2533 Cicero
838 2473 1030 2557 demonstrat,
1043 2491 1127 2540 eum,
1144 2473 1198 2550 qui
1216 2473 1295 2531 nulla

268 2570 403 2648 privatim
417 2571 503 2628 laesus,
515 2569 635 2645 injuria,
654 2569 736 2627 nullo
748 2569 867 2648 praemio
881 2567 1023 2627 adductus
1040 2567 1189 2631 hominem
1203 2571 1296 2631 scele-

270 2680 361 2739 stum,
375 2666 579 2735 libidinosum,
596 2664 754 2743 perfidum,
769 2685 919 2741 rapacem,
934 2664 1082 2723 crudelem
1096 2680 1227 2739 accuset,
1242 2665 1296 2727 sibi

270 2764 327 2843 ipsi
339 2764 415 2822 hanc
426 2765 516 2841 legem
530 2764 696 2840 imponere,
709 2781 747 2818 ne
759 2761 790 2818 in
804 2760 948 2838 ejusmodi¹
958 2761 1036 2819 vitiis
1049 2760 1297 2840 deprehendatur,

270 2880 336 2938 quae
346 2862 377 2918 in
387 2862 444 2920 isto
458 2857 696 2936 reprehenderit,
711 2877 743 2929 r,
758 2876 785 2915 a.
798 2860 895 2934 Seque
905 2859 1014 2916 nullam
1027 2858 1113 2917 aliam
1126 2857 1165 2917 ob
1181 2879 1298 2921 causam

176 2994 181 3002 ι
271 2959 357 3023 verti
371 2958 520 3020 inimicum
533 2975 607 3027 esse,
621 2974 708 3033 quam
725 2955 805 3033 quod
820 2956 918 3015 omnia
935 2970 1037 3015 contra
1053 2957 1184 3015 omnium
1200 2956 1297 3016 bono-

272 3078 338 3119 rum
356 3064 471 3114 causatu
481 3097 491 3125 ‚
517 3055 675 3125 rationem,
696 3052 865 3124 utilitatem,
882 3053 1119 3131 voluntatemque
1132 3055 1249 3129 fecerit,
1270 3057 1298 3119 3,

269 3161 371 3232 Neque
385 3169 456 3209 vero
469 3170 584 3209 causam
597 3169 659 3209 esse
673 3149 758 3231 aliam
771 3169 825 3210 cnr
835 3150 1007 3209 Hortensius
1022 3149 1129 3228 aliique
1138 3149 1254 3211 nobiles
1271 3151 1298 3210 ei

271 3255 401 3319 faveant,
416 3244 594 3325 quamqnod
607 3245 720 3303 lucrum
731 3245 840 3322 exejus
853 3245 961 3304 divitiis
975 3246 1107 3324 capiant,
1121 3259 1299 3327 sperentque

272 3349 344 3407 alios
357 3346 442 3405 etiam
457 3344 484 3402 ei
497 3343 603 3402 similes
614 3342 672 3401 suis
684 3341 891 3420 cupiditatibus
906 3343 1114 3415 inservituros,
1129 3351 1156 3411 4.

310 3449 326 3502 J
329 3463 375 3502 am
387 3455 445 3500 tres
456 3440 526 3497 facit
536 3451 637 3497 orator
646 3438 734 3516 hujus
745 3439 884 3496 orationis
893 3452 1005 3516 partes,
1016 3453 1087 3499 etse
1099 3438 1136 3497 de
1144 3439 1300 3505 fraudibus

271 3560 305 3600 nc
320 3538 404 3597 furtis
410 3535 523 3606 Verris,
538 3534 663 3612 primum
675 3538 705 3591 in
719 3536 863 3593 frumento
878 3534 1055 3606 decumano,
1072 3535 1180 3595 deinde
1191 3537 1224 3595 in
1235 3557 1298 3595 em·

270 3651 335 3715 pto,
350 3645 527 3713 postremum
541 3631 572 3688 in
585 3631 726 3689 aestimato
739 3644 872 3690 acturum
886 3632 1027 3703 ostendit,
1044 3632 1073 3690 5.

309 3731 437 3790 Primum
449 3728 536 3805 igitur
549 3727 607 3804 agit
620 3726 657 3785 de
673 3727 757 3787 furtis
767 3729 867 3787 Verris
882 3729 1027 3787 frumento
1039 3728 1211 3788 decumano.
1228 3732 1298 3790 Sici·

267 3828 313 3885 liae
322 3826 451 3884 civitates
459 3843 518 3887 nou
527 3842 627 3881 omnes
637 3821 740 3881 eodem
746 3823 813 3900 jure
828 3822 993 3899 utebantur.
1005 3823 1208 3903 septendecim
1219 3827 1296 3885 enim

269 3924 339 3983 olim
352 3919 430 3981 bollo
443 3917 569 3978 subactae
579 3933 677 3990 erant3
694 3922 798 3978 horum
809 3939 877 3997 ager
887 3939 979 3996 quum
992 3933 1067 3978 esset
1075 3918 1143 3995 jure
1152 3919 1226 3983 belli
1237 3943 1297 4001 pu·

268 4019 362 4078 blicus
374 4017 476 4095 populi
490 4015 602 4073 romani
617 4015 724 4086 sactus,
740 4035 758 4073 a
771 4015 931 4074 victoribus
945 4017 999 4076 hac
1016 4016 1079 4094 lege
1090 4029 1134 4074 est
1146 4017 1182 4077 iis
1195 4019 1296 4079 reddi-

267 4129 332 4185 tus,
359 4127 392 4171 ut
413 4110 614 4173 accusoribus
640 4111 794 4169 locaretur.
820 4113 974 4171 Nonnullae
993 4111 1139 4172 soederatae
1162 4129 1248 4173 erant
1268 4129 1296 4174 et

264 4209 364 4270 liberae
371 4206 535 4282 eaedemque
545 4207 696 4267 immunes.
705 4207 893 4283 Reliqunrum
907 4207 1036 4264 omnium
1043 4226 1111 4286 ager
1117 4207 1295 4269 decumanus

265 4319 345 4376 erat,
359 4304 388 4362 h.
400 4323 426 4360 e.
442 4315 571 4361 aratores
583 4301 718 4361 decumas
731 4301 899 4379 pendebant
912 4304 1051 4362 frumenti
1063 4305 1191 4376 exarati3
1206 4305 1294 4385 idque

264 4399 466 4483 appellabatur
470 4400 647 4473 frumentum
662 4402 856 4458 decumanum.
872 4405 932 4460 Has
945 4399 1082 4459 decumas
1094 4403 1223 4462 vendere
1241 4425 1291 4463 so·

263 4500 360 4559 lebant
373 4511 514 4577 praetores
530 4495 720 4566 licitantibus,
730 4497 770 4554 ita
783 4510 815 4553 ut
829 4495 994 4555 venditione
1008 4498 1097 4575 legem
1108 4500 1292 4563 Hieronicam
